3109 4584
551 180 864 258 4-67-

177 370 217 424 ea
236 343 348 424 'illius
379 346 507 426 iudicii¹
527 346 632 426 causa
656 359 861 448 eLangeno
888 355 1038 446 proferri
1061 377 1133 425 non
1157 355 1298 439 debuit,

178 472 275 559 quod
316 459 564 540 coniun'ctivus
600 464 691 541 esset
729 463 931 557 admissumr
976 471 1164 562 respondet
1185 471 1301 541 ¹enim
1344 470 1347 475 ’

179 585 364 655 Plautinae
392 577 665 656 consuetudini.
683 579 790 659 Cas.
823 586 911 655 231:
946 586 1008 654 Sic
1031 585 1171 656 tandem
1197 586 1231 655 si
1261 597 1299 655 tu

177 701 342 792 Iuppiter
360 690 431 770 -s'ia¹
446 694 627 782 mortuom·
646 704 752 791 'quom
780 701 830 771 ad
854 694 938 770 deos
967 700 1122 770 minores
1146 700 1298 775 redierit

178 838 327 908 regnum
364 826 473 898 tuom,
505 816 585 909 quit
619 805 710 887 mihi
745 809 924 886 subveniet
956 826 1061 907 tergo
1094 825 1158 884 aut
1186 815 1301 906 capiti

176 937 249 1000 aut'
268 928 469 1001 cruribus?
500 931 596 1001 Mil.
622 932 738 1020 glor.
768 935 858 1022 572':
902 931 958 1000 Ne
990 940 1028 998 tu
1059 928 1174 999 hercle
1203 931 1238 998 si
1267 940 1300 997 te

176 1044 218 1114 di
255 1056 384 1128 ament,
423 1045 585 1138 linguam
613 1046 846 1137 ¹comprimes.
890 1047 1021 1115 Most.
1056 1045 1129 1113 56:
1170 1044 1227 1112 Ita
1267 1056 1299 1113 te

175 1159 348 1242 forabunt
371 1160 616 1251 patibulatum
648 1182 717 1251 per
745 1161 824 1229 vias
845 1159 1024 1230 ttr'muleis
1065 1160 1297 1244 <terebrr's>·.

176 1270 242 1339 hue
266 1272 301 1340 ti
329 1273 491 1341 reveniat
515 1294 632 1343 senes.
657 1273 711 1345 Cf.
746 1274 874 1344 Caec.
903 1273 1016 1346 Stat.
1048 1274 1129 1342 113:
1145 1273 1300 1342 Audibis
1359 1329 1362 1334 .

171 1396 364 1475 praeterea
393 1387 429 1456 si
456 1387 533 1456 eius
563 1388 687 1458 redeat
707 1389 809 1483 filia.

184 1540 187 1548 ·
266 1500 442 1570 Pervenio
474 1522 569 1571 nunc
600 1504 643 1571 ad
675 1502 711 1572 id
742 1516 852 1594 genus
876 1504 1143 1573 enuntiatorum
1172 1504 1297 1573 condi·

176 1612 382 1700 monalium,
414 1618 510 1706 quod
536 1640 617 1686 cum
642 1618 788 1707 perinde
813 1635 916 1709 atque
941 1619 1028 1687 illud
1057 1619 1153 1709 quod
1182 1619 1298 1687 adhuc

175 1730 468 1818 pertractavimus
506 1732 542 1800 in
582 1732 715 1824 protasi
754 1733 1037 1818 coniunctivum‚
1073 1733 1108 1801 in
1151 1734 1298 1823 apodosi

176 1842 406 1913 indicativum
450 1847 596 1930 habeat,
635 1865 751 1917 tamen
794 1849 885 1917 ciare
923 1849 967 1917 ab
1002 1871 1044 1916 eo
1073 1848 1295 1917 discernitur.

177 1956 281 2046 Quae
311 1960 409 2028 enim
438 1961 538 2030 attuli
563 1962 691 2046 adhuc,
718 1979 808 2032 recte
830 1963 983 2055 genuina
1006 1963 1188 2031 enuntiata
1212 1985 1296 2031 con·

175 2071 363 2142 dicionaiia
387 2073 557 2164 appellari
586 2094 754 2165 possunt;
784 2076 922 2166 quippe>
947 2098 1037 2166 quae
1060 2064 1101 2145 ea
1129 2092 1213 2143 sunt
1242 2076 1295 2144 in·

173 2187 267 2272 dole,
284 2204 323 2255 ut
340 2188 489 2278 protasis
507 2189 683 2259 contineat
700 2191 898 2280 apodoseos
913 2214 1067 2260 causam.
1100 2189 1170 2261 Sed
1185 2192 1296 2261 multa

173 2319 255 2371 sunt
285 2302 447 2372 eiusdem
481 2305 608 2394 speciei
635 2305 815 2374 enuntiata
845 2306 1101 2375 condicionalia
1131 2308 1174 2375 ad
1206 2328 1295 2396 quae

173 2419 258 2486 haec
288 2439 359 2487 non
390 2419 541 2509 pertinet
571 2419 690 2489 ratio.¹
729 2420 910 2510 Apodosis
939 2421 1037 2490 enim
1066 2421 1159 2491 valet
1186 2420 1233 2490 ita
1258 2439 1297 2489 ut

173 2553 245 2599 non
277 2533 428 2622 pendeat
466 2555 506 2601 ex
540 2526 749 2602 condicione
786 2534 880 2620 ulla3
921 2536 1070 2627 protasis
1100 2553 1221 2604 autem
1253 2557 1295 2604 eo

172 2644 323 2713 consilio
351 2666 433 2713 cum
469 2646 616 2735 apodosi
654 2646 896 2738 coniungitur,
934 2665 973 2717 ut
1006 2648 1180 2739 epodosin
1212 2670 1294 2716 cum

170 2758 321 2827 omnino
366 2777 443 2828 tum
490 2760 643 2829 maxime
686 2762 802 2831 valere
838 2762 1013 2831 incidente
1053 2762 1184 2852 protasi
1234 2763 1294 2830 de-

170 2889 400 2942 monstretur.
426 2874 584 2964 Amph.
613 2874 701 2943 336:
735 2875 817 2943 Non
843 2874 976 2964 epdeol,
1009 2875 1187 2943 nuncubi
1219 2884 1291 2943 ter·

169 3006 296 3055 rarum
320 2986 389 3055 sim
411 2985 497 3069 scie,
516 2987 550 3055 si
574 2987 653 3079 quis
680 2997 794 3078 roget.
823 2988 953 3080 Capt.
971 2988 1065 3079 906:
1099 2987 1196 3056 Nam
1218 2987 1293 3055 alia

169 3101 203 3169 si
231 3123 416 3170 memorem
447 3123 534 3194 quae
561 3101 610 3171 ad
631 3102 773 3170 ventris
792 3101 962 3170 virtutem
985 3100 1193 3183 conducunt,
1220 3124 1293 3170 mo·

171 3225 261 3283 rast.
291 3217 392 3285 Aui.
421 3216 508 3284 320:
540 3205 712 3284 Sexcenta
741 3225 824 3285 sunt
846 3238 933 3306 quae
959 3237 1158 3297 memorem,
1186 3215 1294 3305 risit

169 3328 293 3398 otium.
331 3330 416 3420 Epi
430 3331 466 3399 d.
495 3328 587 3421 730:
619 3328 758 3398 Invitus
779 3328 825 3398 do
847 3329 935 3398 itanc
949 3328 1086 3398 veniam
1111 3328 1192 3421 tibi,
1220 3330 1293 3397 nisi

169 3463 292 3534 cogar.
333 3443 476 3515 Stich.
497 3446 588 3534 419:
620 3442 657 3511 E
679 3467 718 3513 re
746 3444 782 3512 si
811 3465 876 3535 ego
910 3454 1043 3513 taceam
1066 3466 1126 3512 seu
1150 3443 1288 3535 loquar,

168 3556 242 3624 scio
272 3558 367 3626 scire
400 3568 446 3641 te,
478 3579 582 3649 quam
613 3557 746 3627 multas
767 3569 886 3626 ¹tecum
920 3557 1088 3626 miserias
1120 3541 1291 3625 mulcave-

171 3669 254 3737 rim.
283 3669 399 3738 Ibid.
432 3694 515 3761 171:
544 3671 648 3740 Nunc
668 3669 702 3738 si
727 3668 922 3739 ridiculum
944 3678 1096 3760 quaerat
1119 3668 1292 3737 hominem

170 3783 358 3873 quispiam,
393 3783 527 3852 venalis
556 3806 621 3876 ego
658 3806 735 3852 sum
766 3806 844 3853 cum
870 3783 1090 3852 ornamentis
1116 3781 1287 3851 omnibus.

242 4050 320 4108 1Cf.
342 4051 378 4108 de
403 4051 459 4109 hac
486 4067 517 4108 re
545 4050 631 4125 Lilie,
658 4047 930 4124 conjunctivischer
956 4015 1214 4126 Bedingung'ssatz
1247 4051 1294 4108 bei

173 4132 433 4192 indicativischent
445 4134 621 4208 Hauptsatz.
640 4134 688 4192 Pr.
701 4133 730 4193 d.
744 4132 1068 4207 flumboldt-Gymnas.
1085 4133 1161 4193 Berl.
1177 4132 1269 4205 1884.-
