3109 4584
713 139 960 213 ..28-

271 333 345 396 eos,
375 311 437 401 qui
470 310 642 381 sedatiore
671 329 706 381 et
732 310 908 381 severiore
931 332 1058 402 genere
1077 309 1218 379 dicendi
1235 322 1396 379 utuntur.

273 423 329 496 Cf.
361 425 458 497 Ter.
499 425 681 494 Phorm.
720 425 900 510 (ira-6133
938 426 1040 496 Hec.
1086 445 1169 511 ¹423
1210 423 1303 494 Cic.
1344 423 1398 491 ad

272 537 373 608 fam.
404 539 451 623 V,
483 560 518 623 a,
548 540 568 609 8
598 539 769 630 (dixerat).
1368 616 1370 621 ,

359 651 468 720 Aliud
493 668 546 721 est
570 651 657 721 illud
688 674 814 745 genus,
851 670 890 722 ut
927 653 1110 721 dumtaxat
1133 651 1176 735 ¹in
1203 650 1399 736 enuntiatis

272 764 451 857 primariis
480 765 869 856 plusquamperfectum
893 765 1047 856 perfecto
1071 766 1115 834 ad
1141 764 1239 854 quod
1265 780 1400 854 spectat

271 880 465 971 praecedat.
494 877 661 950 Sufficere
684 878 782 948 enim
807 879 851 948 ad
876 879 1052 949 rationem
1077 878 1311 968 temporalem
1338 900 1400 945 ex·

271 991 496 1084 primendam
527 990 720 1084 perfectum
756 992 909 1062 videtur.
958 993 998 1062 ln
1035 991 1221 1063 Ciceronis
1250 989 1400 1082 quidem

271 1105 432 1197 epistulis
463 1104 550 1173 illud
577 1127 688 1196 genus
716 1104 882 1196 frequens
911 1122 975 1191 est,
1009 1105 1070 1174 sed
1103 1106 1149 1174 ita
1175 1121 1315 1174 tantum
1340 1103 1399 1170 ad·

272 1218 413 1288 hibetur
447 1218 848 1310 plusquamperfectum,
895 1237 946 1304 ut,
992 1219 1022 1288 si
1070 1219 1168 1288 fieret
1194 1216 1401 1286 coniunctio

272 1329 504 1422 hypotactica‚
537 1330 572 1398 id
605 1330 829 1399 enuntiatum
865 1332 961 1422 quod
1000 1331 1155 1400 continet
1189 1331 1399 1422 plusquam-

271 1442 464 1535 perfectum
493 1461 584 1513 esset
616 1443 883 1515 concessivum:
912 1445 969 1513 ad
1000 1445 1114 1513 Fam.
1147 1443 1258 1529 XIV,
1287 1465 1325 1529 4,
1356 1443 1398 1511 6:

271 1557 373 1626 Sicca
404 1556 551 1627 dixerat
578 1580 614 1626 se
639 1579 768 1627 mecum
796 1559 910 1648 fore;
951 1558 1013 1627 sed
1042 1556 1242 1626 Brundisio
1272 1555 1400 1626 disces·

268 1672 338 1754 sit,·
369 1671 422 1739 ad
466 1671 582 1740 Fam.
609 1671 716 1755 Vll,
748 1674 783 1756 5,
819 1696 858 1740 1:
907 1671 1115 1741 Trebatium
1151 1671 1396 1762 cogitaram...

268 1784 330 1854 sed
354 1795 651 1876 posteaquam,.,3
684 1785 888 1861 'ad'Fam
925 1785 1004 1869 Ill,
1038 1785 1079 1867 3..
1107 1807 1146 1854 2:
1187 1808 1232 1853 ex
1260 1783 1401 1853 litteris

271 1897 531 1981 intellexeram,
542 1897 743 1989 permultos
771 1922 793 1967 a
818 1908 851 1967 te
875 1899 1009 1968 milites
1032 1921 1104 1967 esse
1126 1897 1316 1980 dimissos;
1336 1897 1402 1966 sed

271 2011 361 2081 milti
398 2012 536 2097 Fabius
565 2011 838 2101 demonstravit,
878 2012 1059 2103 integrum
1090 2012 1258 2081 militum.
1281 2033 1400 2080 nume·

276 2147 355 2194 rum
382 2125 518 2218 fuisse.
556 2124 770 2197 Cui-simile
809 2147 923 2193 unum
953 2126 1071 2194 inveni
1101 2125 1196 2216 apud
1227 2124 1397 2193 Plautum

271 2228 474 2330 exemplum
510 2261 600 2307 vers.
636 2239 930 2329 Pseud-148:
967 2243 1083 2332 Atque
1109 2241 1190 2309 lteri
1222 2240 1293 2308 iam
1322 2236 1396 2307 edi·

268 2374 411 2421 aceram·
430 2352 603 2421 omnihus
627 2350 860 2444 dederamque
895 2375 980 2422 suas
1005 2352 1240 2444 provincias:
1276 2373 1397 2421 verum

270 2468 323 2537 ita
347 2488 408 2535 vos
425 2465 571 2557 perditi
596 2467 725 2536 estis...
758 2468 799 2535 ln
826 2489 898 2557 quo
923 2485 1039 2537 tamen
1066 2468 1229 2559 exemplo
1253 2466 1400 2558 perinde

268 2599 386 2672 atque·
403 2579 437 2648 in
469 2579 539 2647 illis
571 2603 713 2670 quae‘a
746 2604 782 2671 p.
811 2579 855 2649 30
880 2580 1171 2671 pertractabimus
1196 2582 1397 2673 plusquam-

268 2684 461 2786 perfectum
493 2717 565 2762 non
597 2695 640 2763 ad
671 2693 864 2786 perfectum
891 2695 951 2764 sed
976 2695 1020 2764 ad
1046 2717 1211 2786 praesens
1235 2694 1417 2795 refertur.»

267 2812 385 2899 Atque
407 2809 498 2878 *haec
524 2807 671 2898 quidem
695 2807 830 2899 species
853 2809 957 2899 plane
982 2808 1171 2898 respondet
1194 2809 1237 2877 ad
1262 2829 1396 2877 sermo-

269 2945 350 2991 nem
386 2922 632 3006 c'otidianumt¹
669 2940 720 2991 est
759 2923 857 2991 enim
888 2923 1063 3021 parataxis
1090 2923 1251 2993 adhibita
1286 2923 1322 2991 in
1355 2945 1396 2992 eo

269 3036 526 3107 sententiarum
551 3059 698 3123 conexu,
731 3054 770 3106 ut
794 3037 830 3115 in
855 3060 982 3129 genere
1007 3039 1129 3107 minus
1153 3037 1232 3106 laxo
1256 3037 1396 3123 dicendi

269 3138 606 3221 certe'adhiberetur
624 3151 823 3242 hypotaxis.
848 3152 963 3221 Aliter
987 3174 1042 3222 res
1059 3175 1095 3220 se
1112 3152 1229 3237 habet,
1255 3151 1285 3219 si
1303 3151 1396 3241 apud

268 3263 456 3332 historicos
519 3265 908 3356 plusquamperfectum
941 3266 1123 3356 -perfecto
1183 3267 1395 3359 praecedens

269 3378 359 3445 hanc
391 3378 497 3462 habet
527 3378 614 3460 vim,
655 3395 694 3447 ut
727 3378 891 3448 animum
924 3378 967 3447 ad
1005 3402 1046 3448 ea
1077 3402 1168 3471 quae
1199 3395 1396 3471 sequuntur

270 3491 412 3581 dirigat.
430 3541 433 3546 -
453 3491 560 3561 Velut
591 3492 685 3562 Liv.
720 3493 783 3577 IV,
812 3516 880 3583 47:
926 3494 1143 3564 Transierat
1173 3517 1218 3564 ex
1248 3516 1288 3564 re
1318 3495 1397 3563 bene

266 3618 371 3698 gesta
389 3608 565 3698 .·superbia
595 3606 884 3698 neglegentiaque
906 3607 955 3676 ad
975 3610 1127 3700 Aequos,
1157 3631 1244 3699 quae
1269 3609 1305 3678 in
1329 3608 1395 3676 Ro-

268 3722 384 3790 manis
428 3720 575 3790 ducibus
606 3721 752 3811 fuerat.
807 3722 972 3812 Itaque...
1018 3720 1220 3792 dictator...
1275 3721 1393 3791 iussit.

270 3826 405 3906 Corn.
446 3836 556 3926 Nep.
598 3837 719 3927 Ages
762 3859 792 3919 1,
824 3858 868 3923 4:
911 3836 1073 3907 Eundem
1108 3838 1264 3907 moriens
1294 3858 1396 3905 suum

269 3973 341 4019 esse
370 3950 531 4019 dixerat.
572 3951 609 4019 Is
639 3949 681 4018 de
712 3949 844 4018 honore
873 3951 979 4040 regni
1008 3973 1085 4019 cum
1113 3952 1287 4042 Agesilao
1315 3972 1396 4020 con-

270 4063 397 4166 tendit.
415 4063 535 4151 s-Quae
568 4063 657 4131 ratio
686 4085 769 4131 cum
796 4050 958 4131 accurate
996 4086 1169 4156 conexum
1203 4086 1323 4134 rerum
1347 4065 1396 4131 in·
