3109 4584
678 159 925 234 ..50-

240 324 285 394 sit
308 328 538 397 vertendum:
564 353 637 399 nas
660 331 755 400 irird
779 332 846 400 mit
869 331 987 400 diesen
1005 328 1191 399 Menschen
1210 324 1361 404 werden,

240 458 385 529 apparet
419 442 684 512 coniunctivum
723 468 762 515 ea
801 445 936 514 ratione
960 465 1068 534 quam
1099 463 1206 530 supra
1233 437 1364 507 indica·

241 553 359 623 vimus
389 579 463 625 esse
487 577 712 649 usurpatum.

330 671 358 738 F
361 671 454 740 nturi
479 690 595 742 autem
620 675 828 744 voluntativi
854 674 907 761 (cf.
932 698 967 764 p.
998 677 1055 761 44)
1086 671 1183 741 notio
1214 667 1366 738 occurrit

240 783 366 852 Trin.
396 789 484 875 757:
514 787 608 855 Dnm
631 788 768 857 occasio
792 789 868 857 eins
892 788 948 856 rei
972 787 1191 877 reperiatur,
1218 781 1365 851 interim

239 897 283 964 ab
314 897 428 967 amico
451 899 614 970 alicunde
637 913 794 971 mutuom
825 913 1015 992 argentum
1041 921 1176 989 rogem.
1197 898 1364 986 ,Rogem‘

242 1011 300 1079 FZ
327 1029 360 1080 et
390 1012 585 1098 Acidalius,
627 1022 755 1107 ,roges‘
795 1016 901 1085 ceteri
939 1037 1019 1084 cum
1055 1018 1099 1083 Α.
1134 1011 1202 1084 Sed
1239 1029 1366 1100 quam-

240 1145 348 1213 quam
373 1126 544 1195 memoria
561 1127 733 1196 librorum
752 1128 881 1197 adduci
906 1128 1082 1210 videmur,
1110 1143 1148 1194 ut
1170 1123 1366 1193 scribamus

242 1243 385 1328 ,roges‘,
415 1255 532 1306 tamen
565 1262 605 1307 ex
642 1240 791 1309 consilio
831 1240 970 1310 fabulae
1004 1239 1112 1308 totius
1153 1235 1364 1306 eliciendum

241 1368 292 1419 est
321 1358 470 1440 ,rogem‘
501 1375 575 1420 esse
605 1375 669 1443 pro
697 1376 778 1423 vera
807 1354 979 1445 scriptura
1011 1353 1243 1421 habendum.¹
1269 1348 1366 1418 Con·

242 1463 419 1531 iunctivus
448 1482 565 1532 autem
596 1465 654 1534 vix
689 1467 759 1535 ulla
790 1467 858 1535 alia
889 1465 1022 1535 ratione
1047 1462 1211 1554 explicari
1238 1476 1365 1551 potest,

242 1576 310 1644 nisi
358 1595 395 1645 ut
434 1578 465 1646 ei
507 1578 606 1648 notio
644 1580 753 1649 futuri
799 1579 1007 1649 voluntativi
1051 1578 1264 1648 attribuatur
1307 1573 1363 1663 (f.

243 1712 278 1780 p.
321 1694 391 1778 44).
441 1692 598 1761 Bacch.
645 1695 756 1764 1058:
808 1694 957 1763 Taceam
992 1715 1080 1761 nnnc
1115 1692 1198 1759 iam.
1236 1687 1364 1757 Trin.

249 1804 365 1872 1136:
406 1804 477 1874 Sed
515 1829 672 1876 maneam
714 1807 822 1877 etiam
860 1807 1000 1898 opinor.
1049 1804 1175 1892 (,Doclt
1207 1803 1261 1872 iclt
1293 1800 1368 1871 nill

243 1919 328 1988 noclt
359 1929 492 1988 marten
503 1924 540 2009 ⁶).
572 1924 699 2012 Neque
731 1940 821 1991 recte
853 1922 984 2012 aliquis
1013 1935 1124 1988 vertat
1148 1918 1222 1985 sic:
1253 1915 1367 1999 ,Doclt

245 2030 298 2099 iclt
328 2031 457 2102 lc'onnte
484 2034 598 2103 aeccle
626 2041 805 2118 tnarten‘;
829 2036 924 2125 quod
954 2034 983 2102 si
1011 2034 1143 2114 liceret,
1175 2053 1257 2098 sane
1286 2050 1367 2095 cum

244 2144 342 2235 optio
376 2145 464 2215 inter
496 2148 585 2215 duas
616 2171 670 2217 res
692 2148 933 2229 intercederet,
964 2145 1210 2216 coniunctivus
1240 2160 1368 2234 poten-

244 2258 338 2326 tialis
378 2259 636 2330 dubitationem
674 2262 832 2352 aliquam
877 2279 967 2330 recte
1012 2259 1193 2328 indicaret.
1244 2259 1368 2346 Neque

245 2394 328 2441 vero
357 2397 517 2465 unquam
548 2377 681 2459 ,etiam‘
714 2376 886 2465 particula
918 2375 964 2443 ita
993 2390 1203 2462 usurpatur,
1238 2387 1275 2438 ut
1305 2391 1369 2459 op·

246 2485 379 2556 tionem
419 2488 551 2558 indicet
590 2529 635 2540 —
675 2511 880 2579 quanquam
919 2510 985 2555 nos
1015 2487 1161 2577 quidem
1200 2482 1372 2573 particula

247 2601 365 2685 ,auch‘
407 2601 457 2670 sic
495 2603 639 2672 utimur.
687 2602 757 2690 (lclt
797 2602 889 2670 lann
925 2602 992 2669 das
1029 2601 1135 2680 thure,
1181 2597 1234 2666 ich
1278 2595 1371 2663 lcann

246 2714 333 2782 anch
371 2713 437 2783 das
476 2716 610 2804 tltnn).²
650 2721 766 2806 Atque
802 2715 830 2782 si
875 2738 939 2783 nos
981 2716 1075 2783 locos
1109 2713 1169 2781 ubi
1200 2710 1369 2779 coniunc-

246 2827 339 2895 tivus
366 2828 438 2897 vim
467 2829 538 2898 fere
571 2830 682 2898 futuri
704 2830 912 2899 voluntativi
944 2829 1160 2920 assequitur,
1192 2826 1226 2892 in
1257 2844 1370 2891 unum

247 2961 474 3032 conspectum
518 2944 909 3034 comprehenderimus,
953 2944 1134 3013 neminem
1168 2939 1277 3030 fugiet
1307 2938 1371 3005 hac

249 3052 282 3122 in
326 3075 362 3122 re
395 3057 602 3125 Plautinum
633 3079 742 3146 genus
774 3058 913 3127 dicendi
943 3057 1088 3147 propius
1129 3055 1292 3123 accedere
1327 3052 1370 3118 ad

248 3191 354 3236 usum
380 3171 593 3260 scriptorum
617 3193 836 3262 graecorum.
868 3175 963 3242 Nam
988 3194 1070 3240 cum
1099 3170 1132 3238 in
1160 3168 1275 3259 prima
1298 3188 1373 3255 per·

249 3305 334 3351 sona
375 3284 501 3373 plurali
542 3285 597 3355 hic
638 3309 722 3354 usus
771 3304 805 3355 et
843 3289 937 3376 apud
984 3287 1110 3355 latinos
1147 3284 1296 3371 (eamus)
1339 3297 1373 3347 et

248 3416 391 3488 graecos
420 3398 606 3488 scriptores
635 3398 755 3492 (iopen)
781 3401 825 3469 sit
855 3401 1073 3482 tritissimus,
1105 3399 1199 3487 apud
1229 3418 1371 3487 graecos

249 3509 393 3599 quidem
423 3511 610 3602 scriptores
625 3513 730 3582 etiam
752 3513 940 3604 singularis
970 3514 1085 3604 prima
1113 3532 1265 3603 persona
1289 3530 1372 3576 con·

251 3623 395 3692 iunctivi
425 3648 490 3716 pro
526 3625 646 3696 futuro
682 3628 729 3697 ita
768 3646 973 3721 usurpatur,
1009 3646 1046 3696 ut
1076 3624 1206 3714 aliquis
1234 3646 1270 3690 se
1302 3623 1372 3691 iam

321 3921 332 3962 1
352 3919 397 3976 Cf.
414 3937 490 3992 quae
513 3919 631 3976 Brixius
646 3921 682 3977 de
703 3920 907 3996 Megaronidis
925 3938 1055 3995 persona
1077 3919 1214 3994 exposuit
1235 3918 1265 3974 in
1288 3933 1372 3991 prae-

249 4001 361 4058 fatione
373 4002 545 4059 Trinummi
559 4022 585 4077 p.
602 4023 647 4078 ²9·

320 4098 334 4138 ²
353 4095 397 4154 ef.
413 4097 450 4151 de
465 4096 564 4153 haere
579 4099 793 4156 HandiiTurs.
810 4102 849 4166 11,
864 4118 929 4175 pag.
945 4101 1010 4170 554,
1030 4118 1070 4172 17.
