3109 4584
611 204 847 277 =.-ss9...

164 379 287 448 futuri.
321 379 421 448 Aul.
449 379 536 448 311:
576 378 718 446 Famem
746 376 861 446 hercle
892 375 1080 460 utendam,
1109 375 1143 443 st'
1162 395 1291 464 =roges,

164 513 338 583 uunquam
363 490 476 560 dubit.
509 490 626 560 Ibid.
655 492 740 577 254:
767 489 886 579 Neque
908 487 943 556 si
975 487 1112 577 cupr'um
1138 486 1293 575 copiast;

165 611 238 676 As.
269 626 350 692 104:
377 604 484 673 Solus
510 604 544 673 si
568 603 717 685 dudem,
751 604 891 694 referre
923 602 1089 694 gratiam
1119 621 1293 691 uunquam

161 729 275 809 potes.
296 719 472 787 Bacch.
505 739 614 805 1004:
648 717 744 785 Nam
769 728 835 808 ‘ego
866 738 933 785 uou
964 715 1108 784 tuturus
1138 737 1228 795 sum,
1260 715 1294 781 si

169 835 289 903 iubeas
316 834 483 903 maxime.
527 835 656 901 Most.
693 832 782 901 351:
825 833 900 900 Nec
924 831 1022 901 salus
1051 830 1151 899 uobis
1180 829 1293 933 saluti

169 948 239 1017 ium
264 971 347 1030 esse,
379 949 413 1016 si
441 947 573 1038 cupiat,
600 957 731 1037 potest.
781 945 848 1027 ’,ὃίι
883 946 989 1036 igitur
1019 945 1056 1013 in
1090 945 1144 1014 his
1162 966 1291 1014 ¹exem·

172 1061 240 1150 plis
266 1062 370 1151 plane
401 1061 488 1129 abiit
518 1060 553 1129 in
585 1060 911 1150 usumparticulae
944 1060 1047 1145 ‚etsi‘.

256 1173 391 1243 Contra
413 1173 551 1242 Blasius
577 1168 659 1242 cum
688 1173 837 1242 omnino
860 1174 1114 1264 quaereret'de
1139 1173 1183 1241 iis
1205 1158 1291 1242 con-

166 1287 402 1356 dicionalibus
426 1287 629 1372 enuntiatis,
647 1310 737 1377 quae
762 1288 966 1357 exhiberent
991 1289 1026 1356 in
1049 1288 1180 1377 protasi
1196 1310 1291 1357 con·

169 1388 382 1486 iunctivum‚
413 1401 448 1468 in
483 1400 629 1491 ap'odosi
664 1400 910 1486 indicativum,
944 1423 1020 1470 rem
1058 1402 1105 1471 ita
1143 1401 1292 1472 instituit

168 1515 214 1601 (a.
239 1535 274 1603 p.
298 1512 366 1600 35)
383 1524 430 1580 'ut
457 1535 528 1580 non
553 1534 625 1602 quo
650 1512 725 1581 iure
752 1513 888 1602 positus
914 1510 1005 1583 esset
1032 1514 1290 1596 coniunctivus,

171 1628 231 1696 sed
262 1626 471 1695 indicativus
490 1626 605 1695 'futuri
624 1628 908 1716 v'el'praesentis,
928 1628 1099 1719 explicare
1124 1629 1289 1697 studeret.

169 1748 218 1813 At
245 1752 309 1812 nos
342 1743 376 1812 id
400 1742 641 1835 'cognovimus
680 1742 911 1811 indicativum
953 1743 1181 1834 explicatione
1220 1767 1288 1813 non

169 1857 338 1948 indigere,
363 1879 446 1927 cum
467 1858 572 1948 plane
598 1856 758 1927 absolute
783 1877 995 1948 usurpetur3
1026 1853 1290 1928 coniunctiv'um

169 1988 286 2040 autem
317 1971 363 2039 ita
388 1994 462 2040 esse
489 1971 811 2060 interpretandum,
837 1973 1071 2062 ut'exprimat
1087 1974 1290 2063 exspectari,

169 2087 255 2153 dum
288 2085 451 2153 condicio
478 2085 600 2153 tuturo
627 2100 786 2175 tempore
815 2087 885 2154 fiat.
988 2106 990 2109 ’

175 2227 177 2230 ’
258 2196 443 2286 Quoniam
475 2199 631 2268 vidimus
668 2218 742 2269 tam
783 2218 895 2269 artam
932 2225 1008 2270 esse
1046 2202 1291 2293 cognationem

169 2310 263 2380 inter
292 2311 557 2380 coniunctivum
583 2329 616 2381 et
647 2313 822 2398 futurum,
856 2337 897 2382 eo
928 2315 1048 2383 minus
1075 2332 1128 2384 est
1157 2314 1290 2382 miran-

168 2425 271 2510 dum,
303 2425 398 2513 quod
427 2448 529 2516 saepe
560 2427 806 2496 coniunctivus
838 2428 1035 2518 praesentis
1065 2429 1119 2498 vel
1148 2429 1290 2519 perfecti
1377 2497 1379 2499 ,

169 2536 204 2605 in
235 2537 353 2605 locum
385 2538 642 2628 coniugationis
674 2540 947 2631 periphrasticae
983 2542 1147 2611 succedit.
1193 2543 1289 2611 Mil.

169 2654 289 2744 glor.
304 2675 393 2743 299:
428 2654 525 2744 Quid
542 2655 625 2743 fuat
647 2679 711 2740 me,
737 2656 864 2739 nescio,
892 2657 1119 2728 lbidq303:
1150 2658 1287 2727 Eadem

170 2767 230 2836 illi
261 2766 415 2837 iusidias
445 2767 548 2850 duim,
590 2792 694 2860 quam
731 2793 816 2839 mox
852 2771 995 2839 horsum
1028 2772 1077 2842 ud
1112 2772 1288 2842 stabulum

171 2880 315 2949 iuuenix
344 2880 497 2970 recipiat
523 2904 559 2950 se
591 2906 612 2951 u
638 2883 783 2973 pabulo.
821 2886 961 2954 Persa
987 2885 1052 2953 33:
1091 2886 1192 2955 Haec
1213 2887 1290 2957 dies

168 3016 304 3062 summu
334 2994 483 3076 hodiest,
516 2999 590 3065 meu
619 2997 674 3066 mi
698 2999 813 3066 amica
840 2996 933 3068 sitite
948 3000 1074 3069 <litera
1104 3023 1150 3070 uu
1177 3003 1289 3070 serui-

170 3115 279 3174 tutem
320 3107 571 3196 sempiteruum
606 3110 753 3178 seruiat.
802 3110 921 3179 Ibid.
951 3112 1039 3199 234:
1076 3112 1190 3205 Ergo
1228 3136 1290 3182 ero

169 3240 312 3309 quoque,
346 3218 418 3286 uisi
448 3221 522 3288 scio
550 3244 616 3313 quo
647 3244 737 3314 agas
769 3222 843 3292 te?
868 3225 996 3293 Most.
1026 3227 1091 3295 58:
1120 3228 1192 3318 Qui
1220 3229 1291 3296 scis

168 3355 215 3401 uu
245 3333 314 3402 tibi
332 3333 436 3402 -istuc
456 3334 567 3424 prius
589 3336 724 3405 eueniat
746 3359 849 3430 quam
873 3338 972 3407 mihi.
1006 3340 1169 3408 Bacch.
1203 3362 1287 3428 104:

172 3448 249 3538 Quo
272 3448 419 3528 eueniat,
447 3447 506 3517 dis
537 3448 573 3516 t'u
603 3460 753 3518 munust.
787 3451 923 3519 Merc.
940 3438 1045 3542 v592:
1080 3451 1214 3522 Redeat
1244 3477 1290 3522 uu

169 3582 236 3628 uon
267 3560 393 3629 nescia.

257 3673 386 3742 Adhuc
420 3674 524 3743 nobis
556 3694 629 3744 erat
652 3677 890 3768 propositum,
923 3700 962 3747 ut
992 3703 1062 3769 qua
1086 3681 1221 3773 ratione
1246 3682 1289 3749 ad

168 3788 243 3855 vim
277 3808 414 3856 meram
452 3788 643 3858 futuralem
682 3791 928 3860 coniunctivus
965 3815 1076 3884 prope
1112 3797 1292 3864 accederet
1365 3857 1367 3861 .

169 3924 436 3994 exponeremus.
465 3904 571 3973 Nunc
593 3926 635 3973 ea
662 3906 706 3973 de
730 3928 766 3974 re
792 3922 843 3974 est
866 3907 1061 3975 videndum
1085 3902 1192 3998 quam
1208 3931 1291 3999 pro-

169 4014 263 4083 xime
288 4013 472 4083 interdum
501 4014 661 4084 futurum
700 4018 744 4086 ad
785 4018 1000 4088 coniunctivi
1042 4038 1205 4091 naturam
1235 4046 1291 4091 ac-

171 4129 324 4198 cesserit.
369 4134 486 4219 Atque
517 4131 675 4220 primum
704 4133 849 4223 quidem
881 4156 945 4224 pro
973 4135 1196 4205 coniunctivo
1227 4159 1290 4227 po-
