<?xml version="1.0" encoding="UTF-8"?>
<!DOCTYPE html PUBLIC "-//W3C//DTD XHTML 1.0 Transitional//EN"
    "http://www.w3.org/TR/xhtml1/DTD/xhtml1-transitional.dtd">
<html xmlns="http://www.w3.org/1999/xhtml" xml:lang="en" lang="en">
 <head>
  <title>
</title>
<meta http-equiv="Content-Type" content="text/html;charset=utf-8" />
  <meta name='ocr-system' content='tesseract 3.04.00' />
  <meta name='ocr-capabilities' content='ocr_page ocr_carea ocr_par ocr_line ocrx_word'/>
</head>
<body>
  <div class='ocr_page' id='page_1' title='image "./detemporumusupl00rodegoog_0040.png"; bbox 0 0 3109 4584; ppageno 0'>
   <div class='ocr_carea' id='block_1_1' title="bbox 705 194 951 268">
    <p class='ocr_par' dir='ltr' id='par_1_1' title="bbox 705 194 951 268">
     <span class='ocr_line' id='line_1_1' title="bbox 705 194 951 268; baseline 0.012 -18"><span class='ocrx_word' id='word_1_1' title='bbox 705 194 951 268; x_wconf 66' lang='lat'>..36-</span> 
     </span>
    </p>
   </div>
   <div class='ocr_carea' id='block_1_2' title="bbox 213 360 1483 4226">
    <p class='ocr_par' dir='ltr' id='par_1_2' title="bbox 213 360 1483 3194">
     <span class='ocr_line' id='line_1_2' title="bbox 267 360 1387 457; baseline -0.008 -23"><span class='ocrx_word' id='word_1_2' title='bbox 267 377 282 449; x_wconf 71' lang='lat'>5</span> <span class='ocrx_word' id='word_1_3' title='bbox 316 367 405 456; x_wconf 85' lang='lat'><strong>149).</strong></span> <span class='ocrx_word' id='word_1_4' title='bbox 434 364 577 436; x_wconf 85' lang='lat' dir='ltr'>Rectius</span> <span class='ocrx_word' id='word_1_5' title='bbox 602 364 709 457; x_wconf 83' lang='lat' dir='ltr'><strong>igitur</strong></span> <span class='ocrx_word' id='word_1_6' title='bbox 738 365 849 434; x_wconf 87' lang='lat' dir='ltr'><strong>Men.</strong></span> <span class='ocrx_word' id='word_1_7' title='bbox 886 363 946 448; x_wconf 81' lang='lat'><strong>63,</strong></span> <span class='ocrx_word' id='word_1_8' title='bbox 978 362 1108 431; x_wconf 89' lang='lat' dir='ltr'><strong>Most.</strong></span> <span class='ocrx_word' id='word_1_9' title='bbox 1142 363 1226 450; x_wconf 76' lang='lat'><strong>484,</strong></span> <span class='ocrx_word' id='word_1_10' title='bbox 1253 360 1387 432; x_wconf 90' lang='lat' dir='ltr'><strong>Curc.</strong></span> 
     </span>
     <span class='ocr_line' id='line_1_3' title="bbox 267 472 1389 572; baseline -0.008 -22"><span class='ocrx_word' id='word_1_11' title='bbox 267 481 337 568; x_wconf 83' lang='lat'><strong>646</strong></span> <span class='ocrx_word' id='word_1_12' title='bbox 370 502 415 548; x_wconf 86' lang='lat' dir='ltr'><strong>ea</strong></span> <span class='ocrx_word' id='word_1_13' title='bbox 443 479 778 572; x_wconf 87' lang='lat' dir='ltr'><strong>plusquamperfecti</strong></span> <span class='ocrx_word' id='word_1_14' title='bbox 816 501 920 549; x_wconf 87' lang='lat' dir='ltr'><strong>causa</strong></span> <span class='ocrx_word' id='word_1_15' title='bbox 953 477 1128 547; x_wconf 89' lang='lat' dir='ltr'><strong>indicatur</strong></span> <span class='ocrx_word' id='word_1_16' title='bbox 1166 494 1204 545; x_wconf 93' lang='lat' dir='ltr'><strong>ut</strong></span> <span class='ocrx_word' id='word_1_17' title='bbox 1241 472 1389 543; x_wconf 89' lang='lat' dir='ltr'><strong>omnino</strong></span> 
     </span>
     <span class='ocr_line' id='line_1_4' title="bbox 267 586 1391 686; baseline -0.004 -26"><span class='ocrx_word' id='word_1_18' title='bbox 267 593 414 664; x_wconf 88' lang='lat' dir='ltr'><strong>varietas</strong></span> <span class='ocrx_word' id='word_1_19' title='bbox 443 593 692 663; x_wconf 86' lang='lat' dir='ltr'>condicionum</span> <span class='ocrx_word' id='word_1_20' title='bbox 723 616 816 686; x_wconf 86' lang='lat' dir='ltr'><strong>quae</strong></span> <span class='ocrx_word' id='word_1_21' title='bbox 846 593 936 663; x_wconf 89' lang='lat' dir='ltr'><strong>inter</strong></span> <span class='ocrx_word' id='word_1_22' title='bbox 967 590 1147 662; x_wconf 88' lang='lat' dir='ltr'><strong>enuntiata</strong></span> <span class='ocrx_word' id='word_1_23' title='bbox 1184 586 1391 659; x_wconf 87' lang='lat' dir='ltr'><strong>secundaria</strong></span> 
     </span>
     <span class='ocr_line' id='line_1_5' title="bbox 268 698 1391 800; baseline -0.004 -27"><span class='ocrx_word' id='word_1_24' title='bbox 268 705 488 776; x_wconf 88' lang='lat' dir='ltr'><strong>intercedunt</strong></span> <span class='ocrx_word' id='word_1_25' title='bbox 504 710 571 777; x_wconf 88' lang='lat' dir='ltr'><strong>hoc</strong></span> <span class='ocrx_word' id='word_1_26' title='bbox 592 698 699 777; x_wconf 90' lang='lat' dir='ltr'><strong>modo</strong></span> <span class='ocrx_word' id='word_1_27' title='bbox 715 725 956 800; x_wconf 81' lang='lat' dir='ltr'><strong>cognoscatur.</strong></span> <span class='ocrx_word' id='word_1_28' title='bbox 992 705 1129 776; x_wconf 83' lang='lat' dir='ltr'>Deinde</span> <span class='ocrx_word' id='word_1_29' title='bbox 1152 724 1235 772; x_wconf 93' lang='lat' dir='ltr'><strong>cum</strong></span> <span class='ocrx_word' id='word_1_30' title='bbox 1257 702 1391 792; x_wconf 85' lang='lat' dir='ltr'><strong>legatur</strong></span> 
     </span>
     <span class='ocr_line' id='line_1_6' title="bbox 269 812 1390 914; baseline -0.006 -25"><span class='ocrx_word' id='word_1_31' title='bbox 269 821 429 890; x_wconf 88' lang='lat' dir='ltr'><strong>Bacch.</strong></span> <span class='ocrx_word' id='word_1_32' title='bbox 456 824 545 912; x_wconf 83' lang='lat'>957:</span> <span class='ocrx_word' id='word_1_33' title='bbox 578 823 672 891; x_wconf 83' lang='lat' dir='ltr'><strong>Nam</strong></span> <span class='ocrx_word' id='word_1_34' title='bbox 696 821 830 893; x_wconf 82' lang='lat' dir='ltr'><strong>dudum</strong></span> <span class='ocrx_word' id='word_1_35' title='bbox 848 822 971 914; x_wconf 82' lang='lat' dir='ltr'><strong>primo</strong></span> <span class='ocrx_word' id='word_1_36' title='bbox 996 831 1035 891; x_wconf 87' lang='lat' dir='ltr'><strong>ut</strong></span> <span class='ocrx_word' id='word_1_37' title='bbox 1058 819 1224 890; x_wconf 84' lang='lat' dir='ltr'><strong><em>dixeram</em></strong></span> <span class='ocrx_word' id='word_1_38' title='bbox 1249 812 1390 885; x_wconf 87' lang='lat' dir='ltr'><strong>menda-</strong></span> 
     </span>
     <span class='ocr_line' id='line_1_7' title="bbox 266 928 1389 1025; baseline -0.006 -23"><span class='ocrx_word' id='word_1_39' title='bbox 266 934 371 1015; x_wconf 84' lang='lat' dir='ltr'><strong>cium,</strong></span> <span class='ocrx_word' id='word_1_40' title='bbox 397 944 432 1003; x_wconf 82' lang='lat' dir='ltr'><strong>et</strong></span> <span class='ocrx_word' id='word_1_41' title='bbox 454 933 497 1004; x_wconf 85' lang='lat' dir='ltr'><strong>de</strong></span> <span class='ocrx_word' id='word_1_42' title='bbox 519 934 656 1025; x_wconf 79' lang='lat' dir='ltr'><strong>hospite</strong></span> <span class='ocrx_word' id='word_1_43' title='bbox 678 946 713 1005; x_wconf 91' lang='lat' dir='ltr'><strong>et</strong></span> <span class='ocrx_word' id='word_1_44' title='bbox 735 936 780 1006; x_wconf 84' lang='lat' dir='ltr'><strong>de</strong></span> <span class='ocrx_word' id='word_1_45' title='bbox 802 957 894 1004; x_wconf 83' lang='lat' dir='ltr'><strong>auro</strong></span> <span class='ocrx_word' id='word_1_46' title='bbox 914 945 950 1004; x_wconf 87' lang='lat' dir='ltr'><strong>et</strong></span> <span class='ocrx_word' id='word_1_47' title='bbox 972 933 1015 1004; x_wconf 85' lang='lat' dir='ltr'><strong>de</strong></span> <span class='ocrx_word' id='word_1_48' title='bbox 1039 933 1162 1015; x_wconf 78' lang='lat' dir='ltr'><strong>lamba,</strong></span> <span class='ocrx_word' id='word_1_49' title='bbox 1180 930 1232 999; x_wconf 86' lang='lat' dir='ltr'><strong>ibi</strong></span> <span class='ocrx_word' id='word_1_50' title='bbox 1246 928 1389 1020; x_wconf 84' lang='lat' dir='ltr'><strong>siguum</strong></span> 
     </span>
     <span class='ocr_line' id='line_1_8' title="bbox 267 1030 1390 1131; baseline -0.006 -15"><span class='ocrx_word' id='word_1_51' title='bbox 267 1070 311 1116; x_wconf 85' lang='lat' dir='ltr'><strong>ex</strong></span> <span class='ocrx_word' id='word_1_52' title='bbox 332 1030 415 1118; x_wconf 78' lang='lat' dir='ltr'><strong>arce</strong></span> <span class='ocrx_word' id='word_1_53' title='bbox 438 1047 510 1118; x_wconf 86' lang='lat' dir='ltr'><strong>iam</strong></span> <span class='ocrx_word' id='word_1_54' title='bbox 532 1048 678 1131; x_wconf 86' lang='lat' dir='ltr'><strong>abstuli,</strong></span> <span class='ocrx_word' id='word_1_55' title='bbox 705 1071 819 1118; x_wconf 90' lang='lat' dir='ltr'><strong>unum</strong></span> <span class='ocrx_word' id='word_1_56' title='bbox 842 1066 980 1119; x_wconf 90' lang='lat' dir='ltr'><strong>tantum</strong></span> <span class='ocrx_word' id='word_1_57' title='bbox 1000 1045 1152 1116; x_wconf 91' lang='lat' dir='ltr'><strong>occurrit</strong></span> <span class='ocrx_word' id='word_1_58' title='bbox 1166 1042 1390 1115; x_wconf 88' lang='lat' dir='ltr'><strong>enuntiatum</strong></span> 
     </span>
     <span class='ocr_line' id='line_1_9' title="bbox 267 1157 1389 1253; baseline -0.005 -23"><span class='ocrx_word' id='word_1_59' title='bbox 267 1160 514 1232; x_wconf 90' lang='lat' dir='ltr'><strong>secundarium</strong></span> <span class='ocrx_word' id='word_1_60' title='bbox 546 1163 607 1249; x_wconf 84' lang='lat' dir='ltr'><strong>ita,</strong></span> <span class='ocrx_word' id='word_1_61' title='bbox 642 1180 680 1232; x_wconf 92' lang='lat' dir='ltr'><strong>ut</strong></span> <span class='ocrx_word' id='word_1_62' title='bbox 704 1165 763 1234; x_wconf 88' lang='lat' dir='ltr'><strong>illa</strong></span> <span class='ocrx_word' id='word_1_63' title='bbox 787 1164 840 1233; x_wconf 91' lang='lat' dir='ltr'><strong>vis</strong></span> <span class='ocrx_word' id='word_1_64' title='bbox 864 1165 931 1234; x_wconf 92' lang='lat' dir='ltr'><strong>hoc</strong></span> <span class='ocrx_word' id='word_1_65' title='bbox 959 1162 1104 1253; x_wconf 87' lang='lat' dir='ltr'><strong>quidem</strong></span> <span class='ocrx_word' id='word_1_66' title='bbox 1129 1162 1206 1233; x_wconf 87' lang='lat' dir='ltr'><strong>loco</strong></span> <span class='ocrx_word' id='word_1_67' title='bbox 1231 1159 1265 1227; x_wconf 90' lang='lat' dir='ltr'><strong>in</strong></span> <span class='ocrx_word' id='word_1_68' title='bbox 1292 1157 1389 1249; x_wconf 89' lang='lat' dir='ltr'><strong>plus·</strong></span> 
     </span>
     <span class='ocr_line' id='line_1_10' title="bbox 267 1272 1389 1369; baseline -0.006 -23"><span class='ocrx_word' id='word_1_69' title='bbox 267 1276 529 1368; x_wconf 87' lang='lat' dir='ltr'><strong>quamperfecto</strong></span> <span class='ocrx_word' id='word_1_70' title='bbox 569 1277 683 1347; x_wconf 88' lang='lat' dir='ltr'><strong>inesse</strong></span> <span class='ocrx_word' id='word_1_71' title='bbox 721 1300 794 1347; x_wconf 89' lang='lat' dir='ltr'><strong>non</strong></span> <span class='ocrx_word' id='word_1_72' title='bbox 832 1277 954 1369; x_wconf 85' lang='lat' dir='ltr'><strong>possit.</strong></span> <span class='ocrx_word' id='word_1_73' title='bbox 1009 1279 1127 1366; x_wconf 84' lang='lat' dir='ltr'><strong>Atque</strong></span> <span class='ocrx_word' id='word_1_74' title='bbox 1167 1272 1389 1349; x_wconf 83' lang='lat' dir='ltr'><strong>Luebbertus</strong></span> 
     </span>
     <span class='ocr_line' id='line_1_11' title="bbox 213 1382 1389 1483; baseline -0.001 -30"><span class='ocrx_word' id='word_1_75' title='bbox 213 1444 218 1453; x_wconf 90' lang='lat'><strong>.</strong></span> <span class='ocrx_word' id='word_1_76' title='bbox 268 1390 415 1482; x_wconf 90' lang='lat' dir='ltr'><strong>quidem</strong></span> <span class='ocrx_word' id='word_1_77' title='bbox 444 1407 565 1460; x_wconf 87' lang='lat' dir='ltr'><strong>censet</strong></span> <span class='ocrx_word' id='word_1_78' title='bbox 592 1414 626 1482; x_wconf 93' lang='lat' dir='ltr'><strong>p.</strong></span> <span class='ocrx_word' id='word_1_79' title='bbox 663 1393 735 1481; x_wconf 84' lang='lat'><strong>184.</strong></span> <span class='ocrx_word' id='word_1_80' title='bbox 758 1392 824 1460; x_wconf 89' lang='lat' dir='ltr'><strong>ita:</strong></span> <span class='ocrx_word' id='word_1_81' title='bbox 860 1391 934 1461; x_wconf 88' lang='lat' dir='ltr'><strong>Ein</strong></span> <span class='ocrx_word' id='word_1_82' title='bbox 963 1387 1278 1483; x_wconf 60' lang='lat' dir='ltr'><strong>ergentlu&#39;imlicher</strong></span> <span class='ocrx_word' id='word_1_83' title='bbox 1306 1382 1389 1452; x_wconf 83' lang='lat' dir='ltr'><strong>Fall</strong></span> 
     </span>
     <span class='ocr_line' id='line_1_12' title="bbox 268 1496 1483 1594; baseline -0.006 -21"><span class='ocrx_word' id='word_1_84' title='bbox 268 1506 316 1573; x_wconf 88' lang='lat' dir='ltr'><strong>ist</strong></span> <span class='ocrx_word' id='word_1_85' title='bbox 340 1505 374 1572; x_wconf 92' lang='lat' dir='ltr'><em>B</em></span> <span class='ocrx_word' id='word_1_86' title='bbox 382 1503 508 1573; x_wconf 80' lang='lat' dir='ltr'><strong>accit..</strong></span> <span class='ocrx_word' id='word_1_87' title='bbox 525 1509 582 1592; x_wconf 82' lang='lat'><strong>95</strong></span> <span class='ocrx_word' id='word_1_88' title='bbox 584 1527 623 1594; x_wconf 77' lang='lat'><strong>7,</strong></span> <span class='ocrx_word' id='word_1_89' title='bbox 645 1527 698 1576; x_wconf 79' lang='lat' dir='ltr'><strong>mo</strong></span> <span class='ocrx_word' id='word_1_90' title='bbox 726 1502 985 1586; x_wconf 79' lang='lat' dir='ltr'><strong>,ut‘dadurch</strong></span> <span class='ocrx_word' id='word_1_91' title='bbox 1003 1502 1088 1573; x_wconf 86' lang='lat' dir='ltr'><strong>dass</strong></span> <span class='ocrx_word' id='word_1_92' title='bbox 1110 1501 1302 1593; x_wconf 57' lang='lat' dir='ltr'><strong>bezeichnet</strong></span> <span class='ocrx_word' id='word_1_93' title='bbox 1318 1496 1391 1567; x_wconf 85' lang='lat' dir='ltr'><strong>und</strong></span> <span class='ocrx_word' id='word_1_94' title='bbox 1479 1540 1483 1544; x_wconf 81' lang='lat'><strong>·</strong></span> 
     </span>
     <span class='ocr_line' id='line_1_13' title="bbox 267 1612 1385 1708; baseline -0.008 -21"><span class='ocrx_word' id='word_1_95' title='bbox 267 1618 332 1687; x_wconf 85' lang='lat' dir='ltr'><strong>deu</strong></span> <span class='ocrx_word' id='word_1_96' title='bbox 368 1617 489 1687; x_wconf 80' lang='lat' dir='ltr'><strong>Inhalt</strong></span> <span class='ocrx_word' id='word_1_97' title='bbox 523 1616 585 1687; x_wconf 85' lang='lat' dir='ltr'><strong>&#39;des</strong></span> <span class='ocrx_word' id='word_1_98' title='bbox 620 1616 789 1687; x_wconf 80' lang='lat' dir='ltr'><strong>Factums</strong></span> <span class='ocrx_word' id='word_1_99' title='bbox 816 1617 877 1687; x_wconf 79' lang='lat' dir='ltr'><strong>im</strong></span> <span class='ocrx_word' id='word_1_100' title='bbox 915 1618 1137 1708; x_wconf 68' lang='lat' dir='ltr'><strong>Hauptsatqe</strong></span> <span class='ocrx_word' id='word_1_101' title='bbox 1179 1612 1385 1684; x_wconf 73' lang='lat' dir='ltr'><strong>ausdruclct.</strong></span> 
     </span>
     <span class='ocr_line' id='line_1_14' title="bbox 270 1725 1390 1822; baseline -0.006 -22"><span class='ocrx_word' id='word_1_102' title='bbox 270 1730 426 1822; x_wconf 79' lang='lat' dir='ltr'><strong>Langius</strong></span> <span class='ocrx_word' id='word_1_103' title='bbox 456 1731 609 1800; x_wconf 82' lang='lat' dir='ltr'><strong>similem</strong></span> <span class='ocrx_word' id='word_1_104' title='bbox 634 1731 669 1799; x_wconf 91' lang='lat' dir='ltr'><strong>in</strong></span> <span class='ocrx_word' id='word_1_105' title='bbox 696 1732 845 1800; x_wconf 90' lang='lat' dir='ltr'><strong>modum</strong></span> <span class='ocrx_word' id='word_1_106' title='bbox 876 1734 921 1821; x_wconf 83' lang='lat' dir='ltr'><strong>(p.</strong></span> <span class='ocrx_word' id='word_1_107' title='bbox 949 1751 1007 1818; x_wconf 71' lang='lat'><strong>24,</strong></span> <span class='ocrx_word' id='word_1_108' title='bbox 1032 1730 1113 1799; x_wconf 86' lang='lat' dir='ltr'><strong>adn.</strong></span> <span class='ocrx_word' id='word_1_109' title='bbox 1142 1730 1197 1815; x_wconf 69' lang='lat'><strong>52)</strong></span> <span class='ocrx_word' id='word_1_110' title='bbox 1226 1725 1390 1796; x_wconf 88' lang='lat' dir='ltr'><strong>credebat</strong></span> 
     </span>
     <span class='ocr_line' id='line_1_15' title="bbox 268 1837 1389 1936; baseline -0.004 -25"><span class='ocrx_word' id='word_1_111' title='bbox 268 1845 333 1912; x_wconf 91' lang='lat' dir='ltr'><strong>hoc</strong></span> <span class='ocrx_word' id='word_1_112' title='bbox 373 1844 450 1913; x_wconf 94' lang='lat' dir='ltr'><strong>loco</strong></span> <span class='ocrx_word' id='word_1_113' title='bbox 489 1844 658 1936; x_wconf 91' lang='lat' dir='ltr'><strong>temporis</strong></span> <span class='ocrx_word' id='word_1_114' title='bbox 697 1844 946 1934; x_wconf 86' lang='lat' dir='ltr'><strong>aequalitatem</strong></span> <span class='ocrx_word' id='word_1_115' title='bbox 985 1841 1149 1912; x_wconf 87' lang='lat' dir='ltr'><strong>describi.</strong></span> <span class='ocrx_word' id='word_1_116' title='bbox 1203 1843 1331 1930; x_wconf 13' lang='lat' dir='ltr'><strong>Atque*</strong></span> <span class='ocrx_word' id='word_1_117' title='bbox 1360 1837 1389 1906; x_wconf 92' lang='lat' dir='ltr'><strong>si</strong></span> 
     </span>
     <span class='ocr_line' id='line_1_16' title="bbox 268 1953 1389 2050; baseline -0.006 -23"><span class='ocrx_word' id='word_1_118' title='bbox 268 1957 445 2049; x_wconf 87' lang='lat' dir='ltr'><strong>respuitur</strong></span> <span class='ocrx_word' id='word_1_119' title='bbox 460 1958 846 2050; x_wconf 84' lang='lat' dir='ltr'><strong>plusquamperfectum</strong></span> <span class='ocrx_word' id='word_1_120' title='bbox 860 1976 937 2027; x_wconf 92' lang='lat' dir='ltr'><strong>tum</strong></span> <span class='ocrx_word' id='word_1_121' title='bbox 960 1981 1042 2026; x_wconf 92' lang='lat' dir='ltr'><strong>cum</strong></span> <span class='ocrx_word' id='word_1_122' title='bbox 1066 1956 1156 2028; x_wconf 85' lang='lat' dir='ltr'><strong>actio</strong></span> <span class='ocrx_word' id='word_1_123' title='bbox 1180 1953 1389 2029; x_wconf 87' lang='lat' dir='ltr'><strong>secundaria</strong></span> 
     </span>
     <span class='ocr_line' id='line_1_17' title="bbox 268 2072 1388 2165; baseline -0.003 -25"><span class='ocrx_word' id='word_1_124' title='bbox 268 2072 444 2163; x_wconf 90' lang='lat' dir='ltr'><strong>praecedit</strong></span> <span class='ocrx_word' id='word_1_125' title='bbox 471 2072 672 2163; x_wconf 74' lang='lat' dir='ltr'><strong>primariae,</strong></span> <span class='ocrx_word' id='word_1_126' title='bbox 703 2092 839 2165; x_wconf 90' lang='lat' dir='ltr'><strong>quanto</strong></span> <span class='ocrx_word' id='word_1_127' title='bbox 870 2073 982 2165; x_wconf 84' lang='lat' dir='ltr'><strong>magis</strong></span> <span class='ocrx_word' id='word_1_128' title='bbox 1012 2073 1078 2143; x_wconf 91' lang='lat' dir='ltr'><strong>hoc</strong></span> <span class='ocrx_word' id='word_1_129' title='bbox 1109 2087 1160 2141; x_wconf 89' lang='lat' dir='ltr'><strong>est</strong></span> <span class='ocrx_word' id='word_1_130' title='bbox 1188 2085 1388 2161; x_wconf 84' lang='lat' dir='ltr'><strong>exspectau-</strong></span> 
     </span>
     <span class='ocr_line' id='line_1_18' title="bbox 267 2183 1389 2279; baseline -0.001 -27"><span class='ocrx_word' id='word_1_131' title='bbox 267 2187 356 2255; x_wconf 91' lang='lat' dir='ltr'><strong>dum</strong></span> <span class='ocrx_word' id='word_1_132' title='bbox 379 2186 442 2256; x_wconf 93' lang='lat' dir='ltr'><strong>ubi</strong></span> <span class='ocrx_word' id='word_1_133' title='bbox 466 2187 565 2255; x_wconf 87' lang='lat' dir='ltr'><strong>adest</strong></span> <span class='ocrx_word' id='word_1_134' title='bbox 588 2187 691 2276; x_wconf 91' lang='lat' dir='ltr'><strong>plena</strong></span> <span class='ocrx_word' id='word_1_135' title='bbox 714 2205 919 2279; x_wconf 88' lang='lat' dir='ltr'><strong>temporum</strong></span> <span class='ocrx_word' id='word_1_136' title='bbox 935 2187 1138 2277; x_wconf 85' lang='lat' dir='ltr'><strong>aequalitas.</strong></span> <span class='ocrx_word' id='word_1_137' title='bbox 1166 2183 1288 2274; x_wconf 87' lang='lat' dir='ltr'><strong>Quare</strong></span> <span class='ocrx_word' id='word_1_138' title='bbox 1307 2205 1389 2252; x_wconf 89' lang='lat' dir='ltr'><strong>cum</strong></span> 
     </span>
     <span class='ocr_line' id='line_1_19' title="bbox 268 2299 1389 2392; baseline -0.003 -23"><span class='ocrx_word' id='word_1_139' title='bbox 268 2299 411 2369; x_wconf 91' lang='lat' dir='ltr'><strong>illorum</strong></span> <span class='ocrx_word' id='word_1_140' title='bbox 436 2301 608 2373; x_wconf 86' lang='lat' dir='ltr'><strong>sententia</strong></span> <span class='ocrx_word' id='word_1_141' title='bbox 632 2301 677 2370; x_wconf 94' lang='lat' dir='ltr'><strong>sit</strong></span> <span class='ocrx_word' id='word_1_142' title='bbox 700 2300 891 2386; x_wconf 77' lang='lat' dir='ltr'><strong>reicienda,</strong></span> <span class='ocrx_word' id='word_1_143' title='bbox 917 2300 1301 2392; x_wconf 87' lang='lat' dir='ltr'><strong>plusquamperfectum</strong></span> <span class='ocrx_word' id='word_1_144' title='bbox 1323 2299 1389 2369; x_wconf 88' lang='lat' dir='ltr'><strong>hoc</strong></span> 
     </span>
     <span class='ocr_line' id='line_1_20' title="bbox 268 2416 1390 2507; baseline 0.003 -25"><span class='ocrx_word' id='word_1_145' title='bbox 268 2416 344 2484; x_wconf 92' lang='lat' dir='ltr'><strong>loco</strong></span> <span class='ocrx_word' id='word_1_146' title='bbox 382 2438 422 2485; x_wconf 89' lang='lat' dir='ltr'><strong>ea</strong></span> <span class='ocrx_word' id='word_1_147' title='bbox 458 2416 501 2486; x_wconf 94' lang='lat' dir='ltr'><strong>de</strong></span> <span class='ocrx_word' id='word_1_148' title='bbox 540 2438 644 2485; x_wconf 88' lang='lat' dir='ltr'><strong>causa</strong></span> <span class='ocrx_word' id='word_1_149' title='bbox 681 2439 755 2486; x_wconf 85' lang='lat' dir='ltr'><strong>esse</strong></span> <span class='ocrx_word' id='word_1_150' title='bbox 793 2417 948 2507; x_wconf 91' lang='lat' dir='ltr'><strong>positum</strong></span> <span class='ocrx_word' id='word_1_151' title='bbox 987 2417 1202 2486; x_wconf 91' lang='lat' dir='ltr'><strong>credendum</strong></span> <span class='ocrx_word' id='word_1_152' title='bbox 1243 2433 1307 2499; x_wconf 77' lang='lat' dir='ltr'><strong>est,</strong></span> <span class='ocrx_word' id='word_1_153' title='bbox 1351 2431 1390 2485; x_wconf 94' lang='lat' dir='ltr'><strong>ut</strong></span> 
     </span>
     <span class='ocr_line' id='line_1_21' title="bbox 266 2526 1389 2621; baseline -0.004 -23"><span class='ocrx_word' id='word_1_154' title='bbox 266 2530 436 2621; x_wconf 89' lang='lat' dir='ltr'><strong>temporis</strong></span> <span class='ocrx_word' id='word_1_155' title='bbox 465 2530 667 2616; x_wconf 84' lang='lat' dir='ltr'><strong>discrimen,</strong></span> <span class='ocrx_word' id='word_1_156' title='bbox 700 2530 865 2621; x_wconf 88' lang='lat' dir='ltr'><strong>quamvis</strong></span> <span class='ocrx_word' id='word_1_157' title='bbox 893 2531 938 2599; x_wconf 91' lang='lat' dir='ltr'><strong>sit</strong></span> <span class='ocrx_word' id='word_1_158' title='bbox 976 2552 1140 2621; x_wconf 80' lang='lat' dir='ltr'><strong>parvum,</strong></span> <span class='ocrx_word' id='word_1_159' title='bbox 1175 2530 1266 2598; x_wconf 90' lang='lat' dir='ltr'><strong>clare</strong></span> <span class='ocrx_word' id='word_1_160' title='bbox 1297 2526 1389 2597; x_wconf 91' lang='lat' dir='ltr'><strong>indi-</strong></span> 
     </span>
     <span class='ocr_line' id='line_1_22' title="bbox 267 2640 1390 2734; baseline -0.004 -22"><span class='ocrx_word' id='word_1_161' title='bbox 267 2660 374 2712; x_wconf 92' lang='lat' dir='ltr'><strong>cetur.</strong></span> <span class='ocrx_word' id='word_1_162' title='bbox 421 2644 557 2731; x_wconf 87' lang='lat' dir='ltr'><strong>(Kaum</strong></span> <span class='ocrx_word' id='word_1_163' title='bbox 595 2660 727 2734; x_wconf 73' lang='lat' dir='ltr'><strong>gesagt‚</strong></span> <span class='ocrx_word' id='word_1_164' title='bbox 759 2643 804 2712; x_wconf 91' lang='lat' dir='ltr'><strong>da</strong></span> <span class='ocrx_word' id='word_1_165' title='bbox 835 2644 944 2711; x_wconf 89' lang='lat' dir='ltr'><strong>nahm</strong></span> <span class='ocrx_word' id='word_1_166' title='bbox 976 2643 1031 2712; x_wconf 85' lang='lat' dir='ltr'><strong>ich</strong></span> <span class='ocrx_word' id='word_1_167' title='bbox 1062 2644 1151 2712; x_wconf 90' lang='lat' dir='ltr'><strong>auch</strong></span> <span class='ocrx_word' id='word_1_168' title='bbox 1183 2643 1293 2711; x_wconf 90' lang='lat' dir='ltr'><strong>schon</strong></span> <span class='ocrx_word' id='word_1_169' title='bbox 1327 2640 1390 2708; x_wconf 89' lang='lat' dir='ltr'><strong>das</strong></span> 
     </span>
     <span class='ocr_line' id='line_1_23' title="bbox 270 2756 1387 2848; baseline -0.003 -22"><span class='ocrx_word' id='word_1_170' title='bbox 270 2758 348 2826; x_wconf 91' lang='lat' dir='ltr'><strong>Bild</strong></span> <span class='ocrx_word' id='word_1_171' title='bbox 386 2779 455 2826; x_wconf 91' lang='lat' dir='ltr'><strong>von</strong></span> <span class='ocrx_word' id='word_1_172' title='bbox 496 2758 561 2825; x_wconf 89' lang='lat' dir='ltr'><strong>der</strong></span> <span class='ocrx_word' id='word_1_173' title='bbox 595 2760 719 2848; x_wconf 84' lang='lat' dir='ltr'><strong>Burg.)</strong></span> <span class='ocrx_word' id='word_1_174' title='bbox 765 2760 867 2828; x_wconf 90' lang='lat' dir='ltr'><strong>Hanc</strong></span> <span class='ocrx_word' id='word_1_175' title='bbox 906 2757 1076 2827; x_wconf 90' lang='lat' dir='ltr'><strong>rationem</strong></span> <span class='ocrx_word' id='word_1_176' title='bbox 1120 2758 1149 2827; x_wconf 91' lang='lat' dir='ltr'><strong>si</strong></span> <span class='ocrx_word' id='word_1_177' title='bbox 1187 2756 1387 2842; x_wconf 79' lang='lat' dir='ltr'><strong>statuimus,</strong></span> 
     </span>
     <span class='ocr_line' id='line_1_24' title="bbox 268 2870 1388 2964; baseline -0.001 -25"><span class='ocrx_word' id='word_1_178' title='bbox 268 2871 464 2940; x_wconf 91' lang='lat' dir='ltr'><strong>orationem</strong></span> <span class='ocrx_word' id='word_1_179' title='bbox 494 2872 606 2941; x_wconf 92' lang='lat' dir='ltr'><strong>multo</strong></span> <span class='ocrx_word' id='word_1_180' title='bbox 636 2870 965 2941; x_wconf 75' lang='lat' dir='ltr'><strong>efficaciorem&#39;fieri</strong></span> <span class='ocrx_word' id='word_1_181' title='bbox 988 2890 1075 2964; x_wconf 95' lang='lat' dir='ltr'><strong>puto</strong></span> <span class='ocrx_word' id='word_1_182' title='bbox 1099 2894 1206 2963; x_wconf 92' lang='lat' dir='ltr'><strong>quam</strong></span> <span class='ocrx_word' id='word_1_183' title='bbox 1230 2871 1260 2939; x_wconf 89' lang='lat' dir='ltr'><strong>si</strong></span> <span class='ocrx_word' id='word_1_184' title='bbox 1285 2871 1388 2961; x_wconf 88' lang='lat' dir='ltr'><strong>plena</strong></span> 
     </span>
     <span class='ocr_line' id='line_1_25' title="bbox 267 2985 1389 3078; baseline 0.001 -25"><span class='ocrx_word' id='word_1_185' title='bbox 267 2986 436 3075; x_wconf 88' lang='lat' dir='ltr'><strong>temporis</strong></span> <span class='ocrx_word' id='word_1_186' title='bbox 466 2988 676 3078; x_wconf 87' lang='lat' dir='ltr'><strong>aequalitate</strong></span> <span class='ocrx_word' id='word_1_187' title='bbox 706 3005 833 3057; x_wconf 90' lang='lat' dir='ltr'><strong>statuta</strong></span> <span class='ocrx_word' id='word_1_188' title='bbox 864 2990 1053 3058; x_wconf 90' lang='lat' dir='ltr'><strong>vertimus:</strong></span> <span class='ocrx_word' id='word_1_189' title='bbox 1092 2987 1212 3056; x_wconf 91' lang='lat' dir='ltr'><strong>indem</strong></span> <span class='ocrx_word' id='word_1_190' title='bbox 1243 2985 1298 3055; x_wconf 92' lang='lat' dir='ltr'><strong>ich</strong></span> <span class='ocrx_word' id='word_1_191' title='bbox 1333 2985 1389 3054; x_wconf 90' lang='lat' dir='ltr'><strong>die</strong></span> 
     </span>
     <span class='ocr_line' id='line_1_26' title="bbox 268 3101 1053 3194; baseline 0 -24"><span class='ocrx_word' id='word_1_192' title='bbox 268 3102 366 3192; x_wconf 77' lang='lat' dir='ltr'><strong>Lfige</strong></span> <span class='ocrx_word' id='word_1_193' title='bbox 396 3118 503 3191; x_wconf 79' lang='lat' dir='ltr'><strong>sagte,</strong></span> <span class='ocrx_word' id='word_1_194' title='bbox 535 3104 642 3170; x_wconf 87' lang='lat' dir='ltr'><strong>naltm</strong></span> <span class='ocrx_word' id='word_1_195' title='bbox 674 3101 730 3171; x_wconf 92' lang='lat' dir='ltr'><strong>ich</strong></span> <span class='ocrx_word' id='word_1_196' title='bbox 761 3103 824 3172; x_wconf 88' lang='lat' dir='ltr'><strong>das</strong></span> <span class='ocrx_word' id='word_1_197' title='bbox 856 3103 934 3172; x_wconf 92' lang='lat' dir='ltr'><strong>Bild</strong></span> <span class='ocrx_word' id='word_1_198' title='bbox 967 3125 1053 3194; x_wconf 86' lang='lat' dir='ltr'><strong>weg.</strong></span> 
     </span>
    </p>

    <p class='ocr_par' dir='ltr' id='par_1_3' title="bbox 264 3214 1388 4226">
     <span class='ocr_line' id='line_1_27' title="bbox 358 3214 1388 3308; baseline 0 -25"><span class='ocrx_word' id='word_1_199' title='bbox 358 3216 398 3283; x_wconf 92' lang='lat' dir='ltr'><strong>ln</strong></span> <span class='ocrx_word' id='word_1_200' title='bbox 428 3216 619 3285; x_wconf 87' lang='lat' dir='ltr'><strong>enuntiatis</strong></span> <span class='ocrx_word' id='word_1_201' title='bbox 647 3217 803 3285; x_wconf 87' lang='lat' dir='ltr'><strong>relativis</strong></span> <span class='ocrx_word' id='word_1_202' title='bbox 834 3217 1221 3308; x_wconf 85' lang='lat' dir='ltr'><strong>plusquamperfectum</strong></span> <span class='ocrx_word' id='word_1_203' title='bbox 1261 3214 1388 3284; x_wconf 92' lang='lat' dir='ltr'><strong>eodem</strong></span> 
     </span>
     <span class='ocr_line' id='line_1_28' title="bbox 268 3327 1387 3422; baseline 0.001 -26"><span class='ocrx_word' id='word_1_204' title='bbox 268 3327 374 3397; x_wconf 92' lang='lat' dir='ltr'><strong>modo</strong></span> <span class='ocrx_word' id='word_1_205' title='bbox 412 3329 570 3400; x_wconf 89' lang='lat' dir='ltr'><strong>adhiberi</strong></span> <span class='ocrx_word' id='word_1_206' title='bbox 606 3353 708 3421; x_wconf 91' lang='lat' dir='ltr'><strong>posse</strong></span> <span class='ocrx_word' id='word_1_207' title='bbox 748 3349 852 3422; x_wconf 86' lang='lat' dir='ltr'><strong>atque</strong></span> <span class='ocrx_word' id='word_1_208' title='bbox 890 3332 925 3400; x_wconf 91' lang='lat' dir='ltr'><strong>in</strong></span> <span class='ocrx_word' id='word_1_209' title='bbox 963 3331 1154 3400; x_wconf 87' lang='lat' dir='ltr'><strong>enuntiatis</strong></span> <span class='ocrx_word' id='word_1_210' title='bbox 1193 3329 1387 3421; x_wconf 76' lang='lat' dir='ltr'><strong>primariis,</strong></span> 
     </span>
     <span class='ocr_line' id='line_1_29' title="bbox 267 3444 1387 3536; baseline 0.001 -25"><span class='ocrx_word' id='word_1_211' title='bbox 267 3444 339 3511; x_wconf 89' lang='lat' dir='ltr'><strong>iam</strong></span> <span class='ocrx_word' id='word_1_212' title='bbox 370 3465 476 3532; x_wconf 88' lang='lat' dir='ltr'><strong>supra</strong></span> <span class='ocrx_word' id='word_1_213' title='bbox 506 3444 673 3514; x_wconf 88' lang='lat' dir='ltr'><strong>vidimus.</strong></span> <span class='ocrx_word' id='word_1_214' title='bbox 719 3445 811 3518; x_wconf 87' lang='lat' dir='ltr'><strong>Sunt</strong></span> <span class='ocrx_word' id='word_1_215' title='bbox 840 3468 947 3536; x_wconf 90' lang='lat' dir='ltr'><strong>porro</strong></span> <span class='ocrx_word' id='word_1_216' title='bbox 977 3446 1240 3516; x_wconf 88' lang='lat' dir='ltr'><strong>enuntiatorum</strong></span> <span class='ocrx_word' id='word_1_217' title='bbox 1269 3444 1387 3513; x_wconf 88' lang='lat' dir='ltr'><strong>relati-</strong></span> 
     </span>
     <span class='ocr_line' id='line_1_30' title="bbox 267 3558 1388 3652; baseline 0.002 -28"><span class='ocrx_word' id='word_1_218' title='bbox 267 3579 394 3625; x_wconf 89' lang='lat' dir='ltr'><strong>vorum</strong></span> <span class='ocrx_word' id='word_1_219' title='bbox 429 3561 605 3647; x_wconf 72' lang='lat' dir='ltr'><strong>exempla,</strong></span> <span class='ocrx_word' id='word_1_220' title='bbox 652 3559 713 3628; x_wconf 90' lang='lat' dir='ltr'><strong>ubi</strong></span> <span class='ocrx_word' id='word_1_221' title='bbox 753 3581 834 3628; x_wconf 91' lang='lat' dir='ltr'><strong>cum</strong></span> <span class='ocrx_word' id='word_1_222' title='bbox 873 3560 1259 3652; x_wconf 79' lang='lat' dir='ltr'><strong>plusquamperfectum</strong></span> <span class='ocrx_word' id='word_1_223' title='bbox 1302 3558 1388 3650; x_wconf 90' lang='lat' dir='ltr'><strong>poni</strong></span> 
     </span>
     <span class='ocr_line' id='line_1_31' title="bbox 267 3674 1385 3765; baseline 0.003 -27"><span class='ocrx_word' id='word_1_224' title='bbox 267 3693 329 3760; x_wconf 85' lang='lat' dir='ltr'><strong>par</strong></span> <span class='ocrx_word' id='word_1_225' title='bbox 346 3694 420 3740; x_wconf 90' lang='lat' dir='ltr'><strong>esse</strong></span> <span class='ocrx_word' id='word_1_226' title='bbox 435 3691 549 3763; x_wconf 76' lang='lat' dir='ltr'><strong>putes,</strong></span> <span class='ocrx_word' id='word_1_227' title='bbox 568 3691 687 3742; x_wconf 90' lang='lat' dir='ltr'><strong>tamen</strong></span> <span class='ocrx_word' id='word_1_228' title='bbox 704 3674 900 3764; x_wconf 90' lang='lat' dir='ltr'><strong>perfectum</strong></span> <span class='ocrx_word' id='word_1_229' title='bbox 915 3675 1132 3745; x_wconf 87' lang='lat' dir='ltr'><strong>inveniatur:</strong></span> <span class='ocrx_word' id='word_1_230' title='bbox 1154 3676 1277 3765; x_wconf 88' lang='lat' dir='ltr'><strong>Capt.</strong></span> <span class='ocrx_word' id='word_1_231' title='bbox 1301 3695 1385 3761; x_wconf 80' lang='lat'>142:</span> 
     </span>
     <span class='ocr_line' id='line_1_32' title="bbox 272 3785 1387 3882; baseline 0.006 -31"><span class='ocrx_word' id='word_1_232' title='bbox 272 3785 361 3852; x_wconf 89' lang='lat' dir='ltr'><strong>Tum</strong></span> <span class='ocrx_word' id='word_1_233' title='bbox 390 3785 536 3878; x_wconf 84' lang='lat' dir='ltr'><strong>denique</strong></span> <span class='ocrx_word' id='word_1_234' title='bbox 559 3788 714 3857; x_wconf 78' lang='lat' dir='ltr'><strong>homines</strong></span> <span class='ocrx_word' id='word_1_235' title='bbox 745 3799 869 3857; x_wconf 84' lang='lat' dir='ltr'><strong>nostra</strong></span> <span class='ocrx_word' id='word_1_236' title='bbox 894 3788 1134 3882; x_wconf 78' lang='lat' dir='ltr'><strong>intellegimus</strong></span> <span class='ocrx_word' id='word_1_237' title='bbox 1158 3790 1258 3871; x_wconf 82' lang='lat' dir='ltr'><strong>bona,</strong></span> <span class='ocrx_word' id='word_1_238' title='bbox 1286 3812 1387 3881; x_wconf 85' lang='lat' dir='ltr'><strong>quom</strong></span> 
     </span>
     <span class='ocr_line' id='line_1_33' title="bbox 264 3900 1384 3993; baseline 0.005 -25"><span class='ocrx_word' id='word_1_239' title='bbox 264 3922 351 3990; x_wconf 86' lang='lat' dir='ltr'><strong>quae</strong></span> <span class='ocrx_word' id='word_1_240' title='bbox 387 3900 424 3969; x_wconf 83' lang='lat' dir='ltr'><strong>in</strong></span> <span class='ocrx_word' id='word_1_241' title='bbox 458 3912 634 3993; x_wconf 83' lang='lat' dir='ltr'><strong>potestate</strong></span> <span class='ocrx_word' id='word_1_242' title='bbox 671 3902 856 3972; x_wconf 79' lang='lat' dir='ltr'><strong>habuimus</strong></span> <span class='ocrx_word' id='word_1_243' title='bbox 874 3904 1088 3973; x_wconf 30' lang='lat' dir='ltr'><strong>..amisimus</strong></span> <span class='ocrx_word' id='word_1_244' title='bbox 1129 3903 1262 3975; x_wconf 88' lang='lat' dir='ltr'><strong>Curc.</strong></span> <span class='ocrx_word' id='word_1_245' title='bbox 1295 3906 1384 3974; x_wconf 82' lang='lat'>600:</span> 
     </span>
     <span class='ocr_line' id='line_1_34' title="bbox 268 4015 1384 4106; baseline 0.007 -25"><span class='ocrx_word' id='word_1_246' title='bbox 268 4016 381 4103; x_wconf 82' lang='lat' dir='ltr'><strong>Quam</strong></span> <span class='ocrx_word' id='word_1_247' title='bbox 396 4015 514 4096; x_wconf 76' lang='lat' dir='ltr'><strong>habui,</strong></span> <span class='ocrx_word' id='word_1_248' title='bbox 531 4017 711 4106; x_wconf 81' lang='lat' dir='ltr'><strong>absumpsi</strong></span> <span class='ocrx_word' id='word_1_249' title='bbox 725 4018 901 4086; x_wconf 84' lang='lat' dir='ltr'><strong>celeriter.</strong></span> <span class='ocrx_word' id='word_1_250' title='bbox 928 4019 1061 4087; x_wconf 87' lang='lat' dir='ltr'><strong>Most.</strong></span> <span class='ocrx_word' id='word_1_251' title='bbox 1091 4018 1156 4087; x_wconf 83' lang='lat'><strong>315</strong></span> <span class='ocrx_word' id='word_1_252' title='bbox 1171 4046 1189 4090; x_wconf 76' lang='grc' dir='ltr'><strong>ε,</strong></span> <span class='ocrx_word' id='word_1_253' title='bbox 1200 4020 1294 4088; x_wconf 83' lang='lat' dir='ltr'><strong>Nam</strong></span> <span class='ocrx_word' id='word_1_254' title='bbox 1313 4020 1384 4101; x_wconf 83' lang='lat' dir='ltr'><strong>ill-i,</strong></span> 
     </span>
     <span class='ocr_line' id='line_1_35' title="bbox 266 4125 1387 4226; baseline 0.01 -35"><span class='ocrx_word' id='word_1_255' title='bbox 266 4125 327 4192; x_wconf 85' lang='lat' dir='ltr'><strong>ubi</strong></span> <span class='ocrx_word' id='word_1_256' title='bbox 347 4126 418 4213; x_wconf 84' lang='lat' dir='ltr'><strong>fui,</strong></span> <span class='ocrx_word' id='word_1_257' title='bbox 446 4125 526 4196; x_wconf 82' lang='lat' dir='ltr'><strong>inde</strong></span> <span class='ocrx_word' id='word_1_258' title='bbox 549 4129 662 4220; x_wconf 84' lang='lat' dir='ltr'><strong>effugi</strong></span> <span class='ocrx_word' id='word_1_259' title='bbox 674 4130 798 4217; x_wconf 84' lang='lat' dir='ltr'><strong>foras.</strong></span> <span class='ocrx_word' id='word_1_260' title='bbox 832 4130 988 4200; x_wconf 88' lang='lat' dir='ltr'><strong>Pseud.</strong></span> <span class='ocrx_word' id='word_1_261' title='bbox 1009 4154 1074 4222; x_wconf 83' lang='lat'><strong>72:</strong></span> <span class='ocrx_word' id='word_1_262' title='bbox 1094 4132 1195 4201; x_wconf 83' lang='lat' dir='ltr'><strong>Haec</strong></span> <span class='ocrx_word' id='word_1_263' title='bbox 1216 4155 1302 4222; x_wconf 83' lang='lat' dir='ltr'><strong>quae</strong></span> <span class='ocrx_word' id='word_1_264' title='bbox 1322 4156 1387 4226; x_wconf 80' lang='lat' dir='ltr'><strong>ego</strong></span> 
     </span>
    </p>
   </div>
   <div class='ocr_carea' id='block_1_3' title="bbox 669 4340 685 4372">
    <p class='ocr_par' dir='ltr' id='par_1_4' title="bbox 669 4340 685 4372">
     <span class='ocr_line' id='line_1_36' title="bbox 669 4340 685 4372; baseline 0 0"><span class='ocrx_word' id='word_1_265' title='bbox 669 4340 685 4372; x_wconf 70' lang='lat'><em>0</em></span> 
     </span>
    </p>
   </div>
   <div class='ocr_carea' id='block_1_4' title="bbox 0 0 1560 4584">
    <p class='ocr_par' dir='ltr' id='par_1_5' title="bbox 0 0 1560 4584">
     <span class='ocr_line' id='line_1_37' title="bbox 0 0 1560 4584; baseline 0 0"><span class='ocrx_word' id='word_1_266' title='bbox 0 0 1560 4584; x_wconf 95' lang='lat' dir='ltr'><strong> </strong></span> 
     </span>
    </p>
   </div>
  </div>
 </body>
</html>
