3109 4584
709 233 932 307 ..6-

254 402 345 492 viget
376 402 526 471 varietas
555 418 762 488 structurae,
798 425 841 473 eo
873 403 1000 473 melius
1028 402 1081 473 vel
1113 405 1293 475 levissima
1324 428 1380 475 re·

254 538 334 585 rum
364 517 620 586 narrandarum
649 518 1009 609 exponendarumque
1048 518 1255 588 discrimina
1296 519 1377 589 illu·

253 649 420 702 strantur.
446 631 640 702 Minuenda
665 632 772 723 igitur
794 632 855 702 illa
869 651 921 703 est
938 633 1061 723 opinio
1079 656 1152 706 non
1170 635 1256 704 satis
1272 635 1379 727 digna

256 745 396 830 Plauto,
419 744 520 814 cuius
544 744 763 814 admirabilis
791 745 828 814 in
853 746 1013 816 oratione
1036 747 1224 817 formanda
1246 748 1380 818 eluceat

254 881 324 945 ars,
365 858 433 927 nisi
469 859 565 948 quod
606 858 693 928 illud
731 876 783 928 est
829 859 1052 951 largiendum
1093 862 1189 950 quod
1231 861 1379 930 Plautus

252 973 328 1042 illas
359 971 530 1057 licentias,
559 995 649 1063 quae
680 973 782 1042 certis
815 973 974 1042 nituntur
998 972 1210 1060 rationibus
1239 973 1283 1043 ad
1308 995 1378 1043 me·

252 1103 348 1155 trum
387 1103 476 1155 recte
514 1084 811 1155 conformandum
856 1109 959 1177 saepe
998 1087 1194 1156 transtulit.
1239 1090 1293 1157 Ac
1334 1110 1379 1157 ne

251 1214 344 1267 certa
374 1198 522 1289 quidem
554 1200 773 1268 consuetudo
802 1198 918 1282 abest3
957 1222 1040 1269 nam
1077 1200 1253 1271 sermonis
1284 1223 1377 1271 com·

252 1314 370 1382 munis
404 1336 473 1383 non
511 1313 629 1383 minus
665 1336 774 1404 quam
812 1315 870 1384 illa
908 1315 1057 1384 varietas
1091 1317 1159 1385 hoc
1191 1316 1379 1406 proprium

251 1445 302 1497 est
339 1446 377 1498 ut
407 1429 450 1498 ad
478 1444 589 1496 certas
621 1449 675 1497 res
707 1429 955 1520 significandas
987 1451 1091 1520 saepe
1122 1447 1216 1499 certa
1248 1452 1378 1520 genera

251 1543 392 1613 dicendi
429 1543 663 1613 adhibeantur
699 1560 771 1612 tam
809 1561 1022 1630 constanter,
1063 1561 1102 1612 ut
1142 1544 1210 1613 alia
1251 1565 1379 1636 genera

252 1657 405 1740 dicendi,
440 1656 606 1745 quamvis
642 1677 706 1746 per
742 1680 779 1726 se
815 1656 884 1725 sint
913 1679 985 1725 non
1024 1657 1145 1726 minus
1181 1657 1378 1748 probanda,

252 1794 363 1864 paene
391 1771 577 1840 evitentur.

341 1885 446 1976 Quae
478 1907 560 1953 cum
589 1885 636 1953 ita
662 1884 744 1969 sint,
776 1902 816 1953 ut
839 1885 997 1975 primum
1021 1885 1196 1955 intentum
1221 1887 1379 1955 studium

251 2002 295 2070 ad
327 2000 501 2092 syntaxim
539 2000 739 2090 priscorum
769 1999 984 2090 scriptorum
1035 2001 1228 2071 latinorum
1269 2001 1379 2070 -inve-

249 2115 450 2205 stigandum
490 2113 642 2183 conferri
674 2130 839 2203 coeptum
878 2132 949 2199 est,
988 2114 1084 2183 viros
1126 2116 1250 2184 doctos
1284 2117 1379 2206 leges

251 2243 360 2296 certas
395 2249 487 2317 quae
524 2227 639 2295 adhuc
677 2226 796 2295 minus
837 2226 976 2296 fuerant
1014 2227 1049 2295 in
1080 2244 1250 2318 promptu
1280 2228 1378 2297 inve·

195 2326 199 2334 ’
250 2342 343 2410 nisse
372 2358 647 2409 consentaneum
670 2358 734 2409 est.
768 2346 886 2431 Atque
919 2342 963 2409 de
997 2340 1133 2410 Holtzii
1168 2341 1284 2410 libro¹
1319 2341 1376 2409 vix

251 2455 450 2546 quidquam
480 2455 546 2522 hoc
579 2455 657 2523 loco
689 2453 943 2544 proferendum
981 2471 1053 2523 est:
1097 2454 1170 2523 iam
1208 2454 1267 2522 alii
1302 2454 1378 2523 eius

252 2567 412 2636 acerrimi
437 2566 569 2636 iudices
592 2567 810 2651 exstiterunt,
835 2567 967 2657 quibus
983 2589 1039 2635 me
1064 2567 1274 2658 adstipulari
1294 2588 1378 2659 pro·

251 2682 363 2750 fiteor.
394 2680 489 2750 Nam
513 2682 609 2770 quod
633 2681 722 2750 mihi
746 2681 892 2772 quidem
917 2684 980 2751 hac
1005 2682 1040 2750 in
1066 2704 1102 2750 re
1128 2682 1273 2752 maximi
1298 2704 1375 2750 mo·

253 2795 360 2865 menti
393 2794 545 2880 videtur,
578 2795 644 2865 hoc
664 2795 903 2886 'potissimum
936 2796 1103 2888 neglexit:
1145 2797 1278 2888 quippe
1314 2797 1374 2888 qui

252 2933 334 2979 cum
357 2910 516 3000 exempla
539 2914 740 3000 congereret
763 2910 1026 3001 copiosissime,
1055 2928 1173 2980 tamen
1199 2933 1377 3002 quaenam

253 3047 378 3093 causae
402 3043 519 3095 essent
542 3025 683 3095 dicendi
714 3025 852 3117 generis
882 3025 1162 3115 uniuscuiusque
1188 3026 1245 3094 vix
1269 3049 1377 3116 quae-

253 3156 354 3210 reret.
373 3140 507 3211 Contra
522 3141 719 3211 laudandus
735 3157 787 3210 est
800 3141 866 3209 hoc
883 3141 961 3209 loco
978 3139 1129 3208 maxime
1140 3137 1376 3230 Madvigius‚²

253 3254 380 3324 deinde
410 3254 631 3324 Lu'ebbertus
663 3254 724 3345 qui
759 3271 897 3345 praeter
922 3254 1025 3323 illum
1048 3254 1092 3322 de
1117 3275 1187 3338 quo
1210 3249 1379 3320 disseruit

253 3365 454 3456 Madvigius
500 3367 619 3435 locum
664 3366 731 3435 sibi
777 3366 929 3456 sumpsit
971 3366 1082 3435 alium
1125 3365 1240 3434 adhuc
1277 3362 1401 3432 valde

254 3477 446 3548 dubium.³
492 3476 585 3548 Sunt
618 3479 725 3547 etiam
762 3478 865 3547 multi
904 3477 963 3546 alii
997 3477 1059 3567 qui
1095 3477 1139 3545 ad
1178 3477 1268 3545 hanc
1303 3494 1378 3542 rem

255 3639 469 3649 n———n

325 3742 495 3815 lSyntaxis
510 3741 679 3816 priscorum
700 3740 881 3815 scriptorum
903 3738 1068 3796 latinorum
1090 3754 1186 3813 usque
1209 3739 1247 3794 ad
1268 3738 1379 3793 Teren·

254 3825 342 3882 tium.
359 3824 477 3899 Lipsiae
496 3825 579 3882 1861.

323 3922 336 3962 2
357 3921 400 3978 De
420 3920 585 3976 formarum
604 3921 831 3994 quarundarum
853 3917 937 3974 verbi
956 3930 1064 3975 natura
1086 3931 1115 3989 et
1137 3935 1194 3973 usu
1211 3914 1376 3989 disputatio

255 4005 286 4061 in
300 4021 402 4078 opusc.
416 4003 497 4060 acad.
511 4003 561 4059 alt.
578 4001 717 4059 Hauniae
736 4002 818 4058 1852.

326 4102 339 4143 ⁸
360 4099 494 4172 Beitrage
514 4117 568 4155 zur
589 4100 741 4171 Tempus·
766 4099 829 4154 und
850 4097 1046 4154 Moduslehre
1066 4098 1117 4154 des
1130 4097 1226 4153 altem
1241 4094 1375 4153 Lateins.

204 4248 206 4251 ⁸
258 4183 381 4240 Breslau
401 4184 485 4254 1870.
