3109 4584
620 220 669 231 ..
719 178 764 251 57
815 221 864 233 ..

727 389 772 461 ll.

269 548 417 624 Constat
458 557 660 624 Homerum
691 557 960 625 coniunctivum
989 557 1035 625 ita
1068 580 1169 646 posse
1199 558 1304 625 adhi-

178 667 261 736 bere
284 685 322 735 ut
346 667 377 735 ei
403 668 499 737 notio
524 670 568 738 sit
596 671 807 740 vindicanda
835 672 965 740 futuri:
1000 677 1034 741 A
1066 674 1155 740 262:
1189 671 1304 764 οὐγὰρ

178 807 228 847 πω
254 782 351 860 τοίους
376 775 441 851 ἴδον
468 784 569 878 ἀνέρας
593 778 662 852 οὐδὲ
688 778 813 877 ἴδωμαι.
848 792 965 876 Atque
997 786 1159 854 similiter
1188 809 1242 856 res
1265 811 1303 856 se
1341 787 1345 790 Δ

180 899 286 967 habet
324 902 418 990 apud
459 902 641 986 Plautum,
682 902 747 970 etsi
783 901 929 969 forsitan
973 903 1057 970 haec
1100 902 1303 971 substitutio

180 1012 298 1080 minus
327 1014 395 1083 late
420 1032 546 1104 pateat.
579 1016 697 1084 Facile
721 1034 839 1084 autem
864 1016 1074 1106 perspicitur
1098 1018 1193 1085 unde
1218 1017 1304 1086 haec

178 1128 355 1216 cognatm,
381 1147 629 1219 praeterquam
653 1132 748 1220 quod
777 1130 911 1199 formae
941 1130 1050 1199 iuturi
1076 1149 1110 1198 et
1133 1132 1301 1200 coniunc-

177 1241 240 1311 tivi
269 1261 431 1332 exparte
460 1261 542 1312 sunt
571 1246 728 1328 eaedem,
759 1244 920 1314 ducenda
950 1245 1005 1313 sit.
1049 1247 1100 1314 Ea
1131 1247 1227 1314 enim
1252 1265 1304 1315 est

179 1357 231 1424 vis
261 1358 490 1442 coniunctim,
522 1360 550 1426 si
583 1348 619 1427 iti
645 1360 853 1428 universum
878 1361 1032 1429 iudicare
1058 1361 1237 1444 volumus,
1264 1380 1303 1430 ut

179 1473 312 1562 aliquid
342 1474 517 1564 significet
544 1477 640 1564 quod
671 1476 855 1565 cogitetur.
896 1475 1149 1565 Quodcunque
1183 1492 1302 1544 autem

179 1607 231 1656 est
267 1589 472 1680 cogitatum,
514 1590 608 1658 idem
645 1592 914 1682 quodammodo
959 1613 1099 1680 semper
1141 1609 1301 1660 versatur

179 1704 215 1772 in
234 1704 355 1772 futuro
371 1722 542 1796 tempore.
571 1708 698 1795 Neque
724 1706 830 1797 igitur
852 1707 978 1774 mirere
1003 1707 1032 1773 si
1057 1706 1302 1774 coniunctivus

109 1883 115 1890 .
178 1835 213 1886 et
246 1821 404 1888 futurum
445 1821 553 1911 artius
595 1820 686 1889 inter
715 1845 750 1890 se
778 1822 966 1889 coniuncta
997 1839 1080 1889 sunt
1112 1823 1301 1891 vetustiore

179 1935 331 2004 maxime
363 1953 486 2021 aetate,
519 1937 652 2028 quippe
680 1961 750 2027 qua
785 1922 866 2005 cum
895 1938 1011 2005 minus
1043 1937 1212 2006 excultior
1241 1962 1301 2006 va-

179 2052 264 2120 leret
296 2052 385 2120 ratio
413 2052 604 2143 cogitandi,
631 2053 688 2120 vix
717 2053 907 2121 discrimen
940 2053 1050 2121 futuri
1082 2071 1116 2121 et
1138 2054 1301 2122 coniunc-

177 2167 239 2235 tivi
273 2168 406 2258 percipi
438 2168 604 2258 potuerit.

224 2283 300 2350 lam
338 2284 434 2351 locos
477 2306 537 2351 eos
576 2283 719 2352 afferam
760 2284 890 2374 quibus
932 2283 1019 2353 mihi
1057 2283 1301 2352 coniunctivus

176 2415 237 2465 aut
276 2399 380 2488 plane
420 2416 535 2487 partes
573 2397 682 2467 futuri
723 2399 757 2467 in
798 2422 834 2467 se
869 2402 1040 2489 recepisse
1070 2400 1209 2468 videtur
1242 2418 1302 2467 aut

176 2536 287 2603 paene
312 2513 387 2581 eius
412 2514 484 2581 vim
510 2514 654 2582 habeat:
687 2515 845 2603 Amph.
885 2516 993 2583 1060:
1028 2516 1102 2582 Nec
1126 2537 1178 2582 me
1202 2515 1300 2583 mise-

177 2629 260 2697 rior
287 2629 465 2717 feminast
499 2651 603 2719 neque
635 2628 709 2696 ulla
738 2628 908 2697 videatur
944 2629 1072 2718 magis.
1113 2629 1169 2698 Ad
1207 2628 1300 2695 hunc

177 2743 295 2811 locum
327 2760 417 2812 recte
449 2744 696 2833 explicandum
726 2743 822 2812 varia
853 2743 920 2811 viri
945 2744 1038 2811 docti
1064 2743 1177 2812 moliti
1203 2762 1297 2812 sunt.

178 2856 369 2946 Ussingius
406 2857 550 2946 quidem
589 2857 746 2948 confugit
785 2858 828 2925 ad
871 2858 962 2926 hanc
1002 2858 1195 2926 rationem:
1233 2881 1300 2948 po-

177 2970 339 3039 tentialis
361 2970 505 3062 quidam
536 2972 723 3061 (videatur)
755 2971 998 3041 coniunctivae
1029 2983 1092 3040 est.
1133 2971 1299 3042 Goetzius

177 3105 210 3154 et
240 3087 404 3155 Loewius
434 3086 469 3154 in
496 3086 735 3155 Ritsclteliana
760 3085 912 3154 editione
941 3087 1164 3175 protulerunt
1196 3087 1321 3155 haec:'

178 3200 348 3286 ‚videtur‘
371 3200 408 3268 E
417 3202 444 3282 ³,
473 3201 531 3269 cui
546 3212 638 3270 recte
653 3201 897 3270 coniunctivus.
912 3202 1198 3293 offensionisuit.
1220 3203 1300 3270 Ex·

175 3326 326 3406 spectes:
352 3315 427 3384 ulla
453 3315 639 3384 cruciatur
660 3316 798 3406 magis!
822 3318 997 3386 Mullerus
1013 3320 1149 3385 autem¹
1173 3318 1300 3386 tradita

176 3431 282 3499 verba
298 3430 452 3520 intellegi
468 3453 570 3520 posse
587 3448 701 3521 negat.
729 3432 774 3500 Et
790 3431 866 3522 ipse
890 3434 1058 3518 concedo,
1083 3432 1112 3501 si
1129 3433 1299 3501 coniunc-

175 3544 287 3612 tivum
306 3544 534 3634 potentialem
552 3561 761 3630 statuamus,
785 3547 926 3614 nullum
943 3569 999 3614 me
1014 3547 1133 3615 videre
1152 3548 1300 3615 modum

176 3659 386 3749 explicandi,
430 3659 496 3726 nisi
531 3659 638 3727 verba
680 3681 807 3750 ‚neque
843 3660 918 3729 ulla
954 3660 1122 3730 videatur
1160 3662 1298 3752 magis⁸

176 3770 393 3861 ineptissime
425 3788 528 3862 atque
556 3771 632 3841 sine
659 3774 730 3840 ulla
760 3775 794 3841 vi
826 3776 959 3843 adiecta
990 3799 1063 3845 esse
1088 3778 1299 3866 praeceden-

174 3888 270 3956 tibus
294 3911 448 3973 censeas‚
473 3911 555 3956 cum
579 3889 628 3957 sic
652 3912 722 3958 non
741 3891 848 3958 modo
867 3891 954 3959 nihil
981 3892 1062 3960 novi
1083 3892 1298 3978 contineant,

176 4048 390 4064 ——n—-n—-qn

247 4132 259 4172 1
280 4129 483 4188 Plautinische
498 4131 642 4188 Prosodie
658 4132 805 4205 (Berolini
824 4132 908 4207 1869)
924 4151 990 4207 pag.
1006 4134 1072 4204 643.
