3109 4584
699 205 922 280 ..3..

694 493 865 565 CAPUT
890 495 919 564 1.

635 738 691 821 De
726 737 979 842 inperfecto.

331 950 426 1018 Inter
470 971 595 1019 omnes
643 969 781 1022 constat
828 953 1076 1047 imperfectum
1117 954 1278 1025 adhiberi
1325 960 1370 1028 ad

241 1081 372 1134 statum
395 1064 583 1156 praeterito
606 1083 766 1158 tempore
788 1067 978 1138 durantem
995 1068 1288 1161 significandum
1314 1073 1368 1141 sin

241 1195 359 1248 autem
389 1179 595 1270 simpliciter
619 1202 674 1250 res
700 1181 911 1272 praeteritae
940 1199 1142 1267 narrantur,
1167 1200 1245 1254 tum
1269 1186 1366 1275 apud

241 1293 431 1384 scriptores
447 1292 574 1362 latinos
589 1294 625 1364 in
644 1317 711 1362 usu
728 1316 806 1363 esse
822 1294 1018 1385 perfectum
1034 1296 1256 1366 historicum.
1284 1296 1368 1388 Qua

242 1430 260 1477 e
281 1408 356 1498 lege
375 1408 470 1498 apud
488 1408 656 1478 Plautum
673 1407 854 1478 interdum
880 1409 988 1479 verba
1011 1432 1051 1478 ea
1077 1432 1168 1500 quae
1191 1410 1369 1480 actionem

242 1519 383 1589 dicendi
398 1520 453 1588 vel
470 1520 625 1589 similem
636 1520 851 1611 exprimunt,
870 1540 1032 1613 exempta
1041 1522 1232 1606 videntur3
1251 1545 1369 1593 occur·

242 1633 288 1702 rit
308 1633 405 1702 enim
430 1632 677 1723 imperfectum
702 1634 764 1702 ubi
789 1650 909 1703 nostra
933 1635 1080 1724 quidem
1100 1635 1273 1704 sententia
1296 1653 1367 1705 sta·

244 1762 363 1815 tuatur
378 1746 533 1815 narratio
549 1745 712 1836 simplex.
731 1747 786 1816 En
802 1748 911 1816 habes
929 1747 1111 1838 exempla:
1137 1748 1176 1817 M
1187 1770 1205 1817 e
1217 1771 1250 1817 n.
1277 1770 1366 1840 740:

242 1858 350 1928 Haut
369 1859 459 1930 milti
472 1861 626 1952 negabas
640 1859 773 1928 dudum
787 1862 1020 1951 surrupuisse
1035 1871 1092 1929 te:
1116 1883 1206 1930 nunc
1224 1859 1366 1930 eandem

242 1982 324 2040 ante
352 1972 471 2041 oculos
498 1968 664 2041 attines?
692 1973 859 2041 Pseud.
898 1973 1005 2042 1313:
1037 1976 1089 2042 At
1120 1974 1273 2065 negabas
1305 1972 1369 2042 da·

241 2095 364 2155 turum
393 2108 465 2156 esse
498 2096 532 2154 te
564 2085 683 2156 milti?
710 2087 846 2156 Merc.
874 2087 970 2156 631:
1005 2087 1251 2155 Promittebas
1275 2097 1371 2155 teos

240 2200 418 2269 sublinere
441 2222 515 2269 meo
532 2201 665 2290 patri;
689 2219 755 2292 ego
779 2222 832 2270 me
855 2199 997 2270 credidi
1019 2199 1154 2270 homini
1173 2199 1369 2269 doctorem

242 2315 424 2384 mandare.
459 2316 573 2385 Rud.
602 2318 690 2403 540:
724 2314 809 2384 Tibi
830 2316 1048 2385 auscultavi:
1073 2325 1113 2384 tu
1130 2313 1370 2406 promittebas

241 2428 331 2497 milti
356 2428 414 2497 illl
436 2451 508 2497 esse
531 2438 713 2521 quaestum
737 2451 942 2499 maxumum
967 2429 1226 2500 meretricibus.
1255 2427 1365 2497 lbid.

244 2543 332 2630 543:
362 2545 446 2613 lam
470 2544 681 2635 postulabas
711 2554 757 2627 te,
792 2545 974 2635 impurata
999 2544 1111 2625 belua,
1138 2553 1251 2612 totam
1276 2541 1371 2610 Sici-

241 2655 328 2726 liam
353 2658 608 2727 devoraturum
643 2658 809 2727 insulam.
846 2661 974 2749 Neque
998 2679 1089 2749 opus
1117 2655 1206 2725 mihi
1230 2655 1372 2725 videtur

241 2770 404 2862 colligere
428 2772 551 2842 omnia
576 2772 670 2842 vocis
688 2773 808 2858 ,aibat‘
826 2773 1085 2862 exemplatum
1101 2769 1368 2853 sintsexcenta3

242 2906 353 2974 pauca
395 2886 480 2954 haec
519 2908 762 2978 proponamus
803 2886 935 2955 iudicio
969 2886 1155 2964 lectorum,
1190 2904 1279 2972 quae
1314 2904 1369 2953 ex·

242 3017 336 3069 stant
362 3002 531 3091 Amph.
560 3002 642 3092 8073
679 3003 748 3070 As.
772 3003 855 3086 208,
892 3002 1025 3070 Truc.
1059 3002 1141 3089 757,
1174 3002 1246 3067 As.
1282 3019 1370 3085 442,

242 3113 373 3204 Capt.
407 3115 488 3197 561,
526 3116 666 3184 Most.
711 3137 812 3184 1002.
857 3113 927 3185 Sed
967 3111 1215 3202 imperfectum
1245 3109 1369 3192 ,aibat‘

242 3246 475 3319 praeteream
499 3251 608 3318 quam
626 3229 716 3299 infra
734 3228 878 3298 afferam
900 3248 1044 3297 causam
1060 3242 1133 3294 tam
1148 3246 1252 3314 saepe
1270 3224 1370 3292 eade

241 3365 346 3411 causa
363 3343 518 3412 exhiberi
535 3345 751 3412 credendum
769 3361 834 3426 est,
850 3343 948 3432 quod
966 3341 1040 3423 ,ait‘
1068 3358 1191 3409 utrum
1208 3339 1252 3407 sit
1266 3359 1369 3428 prae·

242 3481 323 3527 sens
341 3482 385 3527 an
409 3458 604 3549 perfectum
628 3458 780 3527 discerni
806 3479 877 3526 non
896 3473 1023 3548 potest,
1049 3456 1137 3524 aliae
1153 3470 1272 3524 autem
1289 3472 1369 3542 per·

242 3566 322 3643 lecti
337 3595 509 3663 personae
524 3589 669 3664 prorsus
684 3573 863 3643 deficiunt.
878 3571 947 3643 Sed
964 3572 992 3641 si
1004 3593 1148 3640 causam
1162 3567 1368 3660 quaerimus

241 3709 473 3757 communem
497 3688 603 3757 huius
628 3688 823 3780 imperfecti
841 3710 940 3771 usus,
957 3686 994 3756 in
1013 3685 1067 3753 his
1082 3683 1230 3775 quidem
1251 3700 1369 3749 exem·

241 3800 310 3892 plis
333 3802 377 3870 de
403 3802 608 3892 repetitione
632 3796 862 3894 'cogitandum
886 3813 957 3869 non
983 3810 1056 3884 est3
1083 3816 1118 3868 at
1142 3815 1233 3866 certe
1249 3796 1297 3864 ita
1312 3816 1367 3862 res

237 3937 279 3983 se
317 3917 434 4000 habet,
473 3935 513 3986 ut
550 3939 633 3986 eum
669 3917 791 3986 minus
825 3916 972 3985 rationis
1013 3914 1184 3983 habeatur
1221 3908 1369 3979 actionis

244 4029 356 4117 ipsius
384 4053 492 4120 quam
517 4047 626 4099 status
650 4031 809 4099 durantis
834 4030 895 4120 qui
920 4053 961 4097 ex
985 4028 1121 4097 actione
1145 4027 1222 4116 ipsa
1246 4045 1371 4094 conse-

244 4160 386 4231 quatur,
426 4142 501 4211 iure
540 4143 750 4211 adhibeatur
783 4142 1040 4231 imperfectum.
1078 4140 1200 4228 Quare
1234 4137 1263 4204 si
1298 4135 1371 4203 vim
