3109 4584
681 177 923 249 ..54-

241 344 362 414 videre
387 345 423 413 in
447 366 514 414 uno
539 346 640 416 miles
663 347 813 416 consilio
835 346 1051 438 volemum
1074 346 1245 439 agimus?
1270 332 1364 438 ‚age-

244 462 337 526 mus‘
358 457 571 529 Ritschelius
586 460 745 552 scripsit3
765 461 827 530 sed
852 461 946 552 ipse¹
975 460 1140 553 ‚agimus‘
1160 459 1366 530 defensione

244 595 314 645 non
352 594 469 642 carere
500 574 598 657 dixit,
632 574 679 643 ita
711 594 748 644 ut
777 597 841 643 nos
873 575 1059 644 lectionem
1091 573 1257 643 traditam
1291 574 1366 641 iure

245 707 382 755 servare
411 686 600 776 possimus.
1232 703 1236 709 ·

335 798 427 871 Sunt
448 816 590 899 quoque
610 824 721 892 pauca
746 803 905 892 exempla
931 802 992 871 ubi
1017 802 1059 870 in·
1078 819 1229 890 utroque
1254 823 1369 869 enun·
1394 822 1396 825 ’

246 915 331 984 tiato
356 915 620 991 admissumest
634 939 820 1006 praesens:
846 939 919 1007 qua
943 916 1081 985 ratione
1103 915 1260 987 adhibita
1277 937 1369 1005 quae

246 1032 365 1100 futura
383 1049 465 1100 sunt
482 1032 515 1103 vi
538 1031 762 1122 cogitationis
784 1033 820 1101 in
838 1032 1085 1121 praesentiam
1099 1029 1368 1100 transferuntur.

246 1151 315 1216 As.
351 1171 436 1236 711:
471 1150 526 1217 A:
565 1146 716 1216 Dutisne
741 1146 960 1238 argentum?
987 1148 1039 1215 L:
1075 1144 1257 1238 Siquidem
1282 1144 1372 1214 mihi

246 1273 403 1331 statuam
427 1272 461 1331 et
484 1284 587 1331 aram
611 1262 754 1332 statuis.
785 1262 826 1331 In
850 1261 982 1353 protasi
1007 1284 1172 1353 praesens
1197 1261 1371 1330 rationem

250 1376 354 1444 habet
393 1397 473 1446 eam
507 1398 616 1467 quarn
659 1399 694 1466 p.
742 1380 786 1446 50
831 1377 1073 1466 exposuimus.
1122 1376 1216 1445 Mil.
1256 1378 1370 1467 glor.

252 1491 337 1581 239:
371 1491 461 1560 Tute
478 1513 567 1560 unus
579 1491 614 1560 si
627 1493 690 1562 hoc
706 1492 862 1581 recipere
878 1491 927 1562 ad
941 1502 974 1560 te
988 1491 1092 1571 dicis,
1112 1490 1371 1581 confidentiast,

251 1628 313 1675 nos
353 1606 516 1675 inimicos
549 1606 755 1697 profligare
790 1628 904 1697 posse.
947 1607 1060 1676 Ibid.
1094 1608 1184 1695 341:
1223 1606 1267 1674 Si
1298 1628 1374 1674 eam

251 1722 347 1801 facio
371 1731 410 1789 ut
432 1720 533 1790 exire
556 1721 637 1791 hinc
664 1720 787 1790 videas
811 1720 928 1804 domo,
956 1720 1094 1813 dignun
1115 1744 1152 1790 es
1171 1720 1377 1791 verberibus

252 1836 386 1904 multis.
407 1836 533 1905 Most.
555 1837 643 1928 539:
663 1837 871 1927 Manufesta
888 1858 946 1905 res
959 1848 1023 1920 est,
1041 1838 1114 1905 nisi
1129 1836 1215 1928 quid
1227 1857 1377 1905 occurro

246 1952 367 2041 prius.
403 1952 444 2021 ln
469 1967 640 2041 promptu
664 1969 716 2020 est
740 1974 847 2041 quarn
872 1952 1060 2021 commode
1087 1951 1261 2043 praesenti
1286 1952 1376 2019 Tra·

255 2066 400 2135 nionem
438 2066 618 2137 festinasse
658 2067 841 2137 indicetur.
895 2073 1012 2157 Atque
1053 2067 1159 2136 etiam
1197 2066 1252 2134 his
1292 2066 1378 2135 locis

256 2181 405 2273 perspici
421 2182 511 2267 licet,
529 2205 569 2252 ea
587 2204 678 2273 quae
705 2183 932 2252 continentur
953 2183 1136 2252 enuntiato
1152 2180 1377 2262 secundario,

259 2297 304 2365 ab
332 2320 373 2366 eo
402 2298 464 2388 qui
498 2298 656 2388 loquitur
686 2315 781 2366 certo
809 2297 1012 2389 exspectari.

351 2414 472 2485 Restat
509 2431 549 2482 ut
583 2414 626 2483 de
659 2413 873 2503 quibusdam
918 2412 1157 2482 locutionibus
1194 2410 1387 2501 separatim

261 2551 418 2620 agamus.
460 2528 528 2598 His
564 2529 660 2598 enim
697 2529 783 2597 locis
814 2552 904 2619 quos
935 2528 1050 2597 adhuc
1079 2526 1384 2618 pertractavimus

262 2643 484 2712 enuntiatum
517 2643 767 2712 secundarium
803 2643 982 2733 spectabat
1011 2643 1056 2711 ad
1089 2659 1223 2711 certum
1248 2661 1388 2732 tempus

263 2757 443 2843 futurum3
475 2776 558 2826 sunt
581 2775 701 2827 autem
725 2759 901 2847 quaedam
924 2755 1105 2826 enuntiata
1130 2741 1389 2825 condicionalia

265 2891 369 2963 atque
395 2872 552 2956 relativa,
587 2872 623 2941 in
655 2871 787 2962 quibus
818 2870 968 2961 protasis
998 2871 1073 2940 sine
1105 2870 1189 2940 certi
1220 2869 1390 2959 temporis

266 2987 591 3078 significationeest
609 2986 772 3077 valetque
800 2986 960 3054 omnino
989 2984 1073 3075 Qua
1097 2984 1131 3052 in
1161 3006 1280 3053 rerum
1305 3006 1390 3052 con·

267 3103 418 3188 dicione,
457 3103 485 3172 si
526 3101 749 3171 enuntiatum
794 3101 1003 3191 primarium
1046 3117 1180 3191 spectat
1219 3100 1262 3167 ad
1303 3117 1392 3167 tem-

268 3240 334 3307 pus
365 3216 539 3303 futurum,
575 3217 761 3308 scriptores
795 3217 859 3306 qui
897 3215 1063 3286 exhibent
1094 3215 1251 3283 severius
1283 3236 1393 3305 genus

268 3332 407 3401 dicendi
452 3333 606 3422 quadam
650 3354 732 3400 cum
776 3331 982 3400 attractione
1024 3347 1173 3398 utuntur
1211 3329 1318 3398 etiam
1359 3329 1393 3397 in

270 3448 450 3516 enuntiato
464 3447 672 3517 secundario
684 3447 816 3516 futuro,
833 3448 957 3515 Velut:
973 3445 1130 3528 ‚Faciam
1144 3445 1173 3512 si
1186 3446 1311 3528 voles‘‚
1328 3442 1393 3512 etsi

270 3564 432 3632 voluntas
457 3562 528 3631 iam
553 3562 589 3632 in
607 3562 804 3653 praesentia
820 3561 929 3630 adest.
951 3560 1084 3631 Contra
1102 3561 1250 3629 Plautus
1269 3581 1395 3650 magna

272 3700 354 3746 curn
378 3678 517 3748 licentia
546 3696 695 3769 utroque
721 3698 849 3770 genere
878 3676 1018 3746 dicendi
1048 3676 1169 3744 utitur.
1204 3678 1254 3748 Ut
1284 3696 1396 3765 pauca

273 3794 432 3885 exempla
444 3793 603 3862 afferam:
623 3793 708 3862 Mil.
721 3793 823 3884 glor.
843 3795 929 3882 572:
949 3791 1076 3860 Etiam
1086 3789 1180 3858 illud
1190 3776 1283 3880 quod
1294 3787 1393 3869 scies,

348 4109 359 4146 1
382 4107 415 4160 ln
429 4104 519 4178 praef.
534 4104 679 4172 Stichi,
693 4124 720 4178 p.
734 4105 814 4162 XVII
828 4103 858 4159 in
872 4104 939 4158 adn.
