3109 4584
611 231 660 241 -
711 190 753 263 51
800 189 858 243 ’.-

172 379 213 426 ne
227 379 306 448 ego,
320 356 355 424 si
363 355 475 448 fidem
490 379 624 440 seruas,
643 358 777 427 niueam
788 380 862 448 pro
872 380 982 427 aurea
992 367 1291 429 statuastatuam.

174 469 293 539 Ibid.
327 492 384 565 141
406 496 413 537 :
443 469 516 560 Qui
537 493 589 538 me
615 471 653 540 in
675 481 777 540 terra
798 493 904 563 aeque
913 472 1132 563 fortunatus
1156 474 1241 555 erit,
1263 476 1298 542 si

174 583 239 652 illa
256 583 380 652 adme
401 583 518 653 bitet?
543 584 671 674 Epfid.
697 587 790 673 468:
816 585 860 654 Si
879 586 1069 678 sexaginta
1088 587 1178 656 milti
1190 586 1296 657 dinu-

174 708 364 767 merantur
388 698 524 778 minae',
555 709 617 766 tua
647 698 778 767 mulier
805 697 904 789 faxo
930 698 1130 789 possidebit
1157 700 1294 791 ferias.

176 812 191 879 Ι
206 811 297 879 bid.
317 811 408 880 606:
436 812 480 880 Si
496 811 646 894 invenio,
666 812 887 882 exitiabilem
903 834 968 904 ego
986 812 1194 905 illisaeiam
1211 813 1299 883 bunc

174 936 214 993 ut
233 926 306 1015 fiat
329 924 438 994 diem·
470 925 588 994 Ibid.
616 949 703 1017 724:
731 928 921 1018 Nunquam
945 926 1059 996 bercle
1084 926 1207 1008 leodie,'
1226 929 1300 998 nisi

172 1036 388 1128 supplicium
406 1037 496 1107 milu'
508 1038 586 1121 das,
605 1061 658 1108 me
673 1039 766 1108 solui
779 1040 906 1108 sinam.
927 1040 1090 1107 Pseud.
1123 1040 1209 1130 1327
1226 1066 1234 1108 :
1257 1041 1300 1108 Si

175 1151 219 1233 is,
234 1161 299 1221 aut
315 1149 507 1220 dimidium
522 1162 586 1220 aut
602 1152 690 1242 plus
708 1153 817 1220 etiam
831 1152 931 1243 faxo
945 1152 1026 1221 lu‘nc
1043 1153 1152 1241 feres.
1170 1155 1248 1222 Tri
1261 1176 1295 1221 n.

175 1265 264 1333 662:
288 1264 377 1332 Nisi
393 1286 445 1332 me
461 1264 654 1342 auscultas,
671 1275 775 1355 atque
797 1264 860 1337 leoc
881 1266 973 1356 quod
1000 1264 1081 1334 dico
1093 1265 1207 1356 facis,
1225 1277 1300 1335 tute

153 1442 156 1447 .
168 1401 261 1472 pone
276 1390 309 1447 te
323 1378 463 1459 latebis,
481 1378 599 1469 facile
623 1402 664 1448 ne
689 1380 846 1448 inueniat
870 1380 992 1448 bonor.
1020 1381 1179 1469 Amph.
1206 1381 1296 1468 646:

175 1493 221 1563 Id
235 1493 337 1563 modo
352 1494 387 1562 si
401 1493 572 1563 mercedis
598 1492 710 1562 datur
735 1494 825 1563 milu'
840 1504 879 1562 ut
895 1516 990 1562 meus
1013 1494 1131 1562 uictor
1144 1494 1203 1561 uir
1217 1494 1300 1563 belli

175 1609 303 1691 clueat,
320 1607 413 1675 satis
428 1606 517 1675 milti
532 1629 603 1675 esse
618 1605 756 1676 ducam.
781 1611 852 1676 As.
876 1607 963 1698 193:
992 1608 1035 1675 Si
1055 1608 1144 1677 milei
1166 1607 1301 1678 dantur

175 1719 246 1789 duo
263 1720 397 1789 talenta
413 1719 560 1811 argenti
583 1730 782 1802 numerata,
811 1719 848 1788 in
868 1741 1008 1789 manum
1025 1721 1113 1790 banc
1127 1720 1197 1789 tibi
1220 1742 1298 1789 uoc-

177 1847 245 1904 tem
261 1834 410 1904 lionoris
426 1857 531 1903 causa
546 1834 687 1925 gratiis
712 1835 804 1903 douo
829 1835 920 1904 dabo
929 1857 943 1918 ;
969 1835 1078 1904 ibid.
1108 1837 1171 1905 281
1190 1862 1197 1903 :
1230 1836 1301 1904 Sed

175 1950 211 2019 si
225 1970 355 2017 mecum
370 1948 585 2019 occasionem
599 1949 800 2039 opprimere
812 1951 900 2018 banc
914 1971 1002 2040 quae
1016 1949 1154 2017 obvenit
1167 1947 1297 2030 studet,

177 2084 365 2131 maxumas
384 2062 589 2151 opimitates
611 2061 750 2154 gaudio
774 2063 1030 2155 effertissumas
1049 2063 1126 2130 suis
1146 2063 1221 2131 eris
1240 2062 1302 2131 ille

179 2200 249 2246 urta
273 2197 404 2245 mecum
417 2177 556 2266 pariet.
587 2176 682 2245 Mil.
711 2178 825 2265 glor.
858 2177 965 2246 1213:
995 2176 1217 2245 Libertatem
1233 2176 1302 2245 tibi

178 2310 244 2380 ego
268 2297 302 2355 et
332 2287 485 2356 diuitias
514 2286 617 2369 dabo,
640 2288 675 2356 si
703 2289 886 2378 impetras.
919 2290 1049 2359 Most.
1083 2291 1173 2375 614:
1206 2290 1300 2380 Quin

169 2403 311 2496 feram,
339 2401 373 2469 si
393 2400 481 2492 quid
500 2401 622 2470 datur.
656 2403 786 2471 Poen.
816 2403 903 2492 371:
938 2402 1022 2495 Ego
1035 2404 1146 2495 faxo,
1171 2404 1206 2470 si
1234 2425 1301 2471 nou

181 2516 281 2584 irata
302 2536 350 2596 es,
374 2537 433 2583 aes
457 2514 606 2584 nimium
626 2538 698 2606 pro
720 2526 753 2585 te
774 2515 889 2598 dabit,
918 2538 960 2585 ac
986 2528 1019 2585 te
1038 2517 1163 2605 faciet,
1188 2525 1227 2584 ut
1249 2518 1302 2584 sis

178 2629 268 2698 ciuis
291 2629 416 2698 Attica
437 2651 542 2721 neque
568 2629 694 2698 libera.
733 2629 847 2698 Ibid.
875 2630 963 2721 377:
989 2630 1072 2697 lam
1095 2628 1210 2698 hercle
1237 2651 1301 2720 ego

174 2745 312 2834 faciam
331 2743 536 2834 plorantem
553 2744 665 2826 illam,
684 2745 755 2813 nisi
772 2755 806 2812 te
825 2744 925 2835 facio
940 2745 1163 2835 propitiam;
1187 2743 1299 2812 ibid.

179 2860 267 2929 882:
303 2858 347 2926 Si
375 2856 463 2950 quid
495 2868 533 2926 tu
569 2857 732 2940 adiuvas,
764 2880 804 2926 eo
826 2858 984 2950 facilius
1002 2859 1130 2947 facere
1149 2858 1300 2947 poterit.

178 2974 306 3063 Capt.
332 2994 421 3063 409:
453 2972 507 3040 Et
536 2994 610 3040 mea
639 2994 760 3063 opera,
792 2972 827 3041 si
854 2974 934 3043 ltirze
958 2972 1084 3053 rebito,
1100 2971 1243 3061 faciam
1265 2982 1304 3039 ut

176 3086 479 3179 faciatsacilius.
507 3088 671 3155 Pseud.
700 3087 789 3178 587:
816 3087 897 3156 Hoc
909 3088 944 3157 si
961 3109 1136 3179 expugno,
1152 3087 1303 3178 facilem

180 3225 254 3270 rem
273 3201 408 3270 civibus
412 3200 566 3291 faciam.
595 3199 732 3271 Stich.
753 3201 841 3288 646:
858 3202 941 3269 lam
957 3200 1071 3270 bercle
1086 3222 1151 3292 ego
1167 3199 1304 3270 decum-

181 3315 261 3384 bam
277 3315 387 3396 solus‚
404 3316 437 3383 si
454 3315 515 3384 ille
530 3315 595 3384 huc
610 3337 678 3384 non
692 3316 798 3384 uem't.
826 3315 881 3386 Cf.
901 3317 966 3385 Tu
977 3314 1110 3404 rpilii
1128 3336 1217 3382 vers.
1237 3315 1303 3383 86:

181 3431 226 3498 Si
244 3431 407 3520 impetro,
424 3429 516 3498 satis
529 3432 648 3518 fructi
662 3452 795 3521 cepero.
824 3430 1009 3500 Pertinent
1025 3430 1094 3498 huc
1107 3429 1214 3498 etiam
1227 3429 1306 3497 illae

182 3568 268 3614 sane
283 3567 324 3613 ex
340 3567 407 3612 usu
418 3543 595 3613 cotidiano
608 3563 770 3634 sumptae
783 3544 977 3613 locutiones
995 3544 1032 3612 in¹
1048 3543 1180 3634 quibus
1192 3565 1306 3611 enun-

184 3659 259 3728 tiati
277 3659 437 3750 primarii
451 3660 599 3728 verbum
613 3661 742 3728 iterum
757 3677 918 3729 occurrat
930 3659 967 3727 in
985 3660 1166 3728 enuntiato
1183 3680 1306 3726 secun-

182 3775 302 3860 dari03
337 3775 433 3843 velut
466 3773 606 3844 Stich.
643 3776 731 3865 715:
765 3776 845 3864 Age
876 3774 910 3842 si
932 3772 1019 3864 quid
1040 3774 1134 3864 agis.
1162 3771 1307 3842 Ceteros

185 3892 281 3959 locos
307 3890 351 3959 ab
377 3889 545 3980 Ussingio
569 3890 613 3958 ad
641 3890 744 3980 Epid.
769 3912 832 3980 197
851 3889 1037 3957 adnotatos
1054 3887 1222 3955 invenies⁸

275 4004 412 4075 Omnes
437 4021 555 4072 autem
580 4002 763 4092 utriusque
796 4002 933 4093 generis
961 4001 1121 4091 exempla
1150 3999 1197 4068 ita
1227 4017 1310 4066 sunt

187 4136 403 4209 comparata,
437 4135 477 4186 ut
506 4118 535 4186 is
575 4118 636 4208 qui
675 4117 832 4208 loquitur
871 4139 912 4185 ea
950 4139 1039 4206 quae
1086 4116 1311 4184 continentur
