3109 4584
736 156 983 229 ³20⁴

223 384 228 389 .
296 305 465 414 primaria
492 322 597 391 duret
626 306 863 394 intercedente
897 328 1033 399 actione
1066 330 1292 399 secundaria:
1324 334 1424 422 quod

295 437 333 506 fit
385 437 438 506 his
492 435 634 505 duobus
683 436 791 505 locis:
841 440 974 509 Most.
1030 442 1114 511 162:
1171 442 1293 512 Haec*
1318 445 1426 514 illast

294 558 480 643 tempestas
515 572 589 619 mea
623 550 717 619 milti
751 574 838 642 quae
869 554 1078 624 modestiam
1114 578 1248 626 omnem
1282 559 1424 628 detexit

294 676 404 735 tectus
418 663 572 756 quafni,
590 684 691 754 qnam
707 664 798 733 milri
811 668 927 735 Amor
940 677 975 735 et
992 668 1134 759 Cupido
1147 671 1188 740 in
1197 652 1324 762 pectus
1332 696 1422 763 per-

288 781 372 871 pnit
396 801 519 848 meum.
558 778 665 848 Rud.
690 780 781 867 846:
809 780 978 852 Etiamne
1003 784 1040 852 in
1063 807 1131 854 ara
1156 797 1239 855 tnnc
1252 768 1421 856 sedebant

295 893 474 973 mulieres,
498 913 601 982 quam
627 889 752 961 adme
778 895 979 987 profectn's
1012 898 1091 967 ire?
1118 901 1197 967 Aut
1224 900 1421 990 perfectum

292 1007 461 1099 ponitur,
495 990 523 1073 si
555 1004 827 1092 exprimendum
857 1027 909 1077 est
946 1010 1096 1080 omnino
1135 1013 1223 1081 duas
1262 1013 1419 1084 actiones

293 1121 427 1191 ratione
451 1119 637 1209 temporali
668 1142 742 1189 esse
775 1120 980 1191 coniuncta‘s
1013 1142 1118 1216 atque
1148 1126 1183 1194 in
1219 1126 1316 1195 idem
1346 1127 1420 1195 fere

292 1235 462 1328 temporis
493 1234 647 1324 spatium
672 1235 827 1306 incidere
861 1260 975 1328 neque
1009 1241 1205 1309 accuratius
1237 1242 1421 1330 quaeritur

291 1351 345 1420 vel
361 1348 483 1441 quaeri
499 1365 626 1438 potest,
642 1366 765 1418 utrum
787 1371 851 1442 per
876 1351 971 1421 idem
995 1354 1099 1443 plane
1123 1371 1264 1444 tempus
1289 1357 1420 1424 durent

292 1490 336 1534 an
361 1465 467 1533 altera
498 1462 598 1554 prius
631 1463 675 1531 sit
703 1464 864 1533 absoluta
894 1488 1004 1556 quam
1036 1467 1155 1536 altera.
1191 1466 1295 1555 Quae
1327 1469 1418 1537 ratio

292 1582 358 1650 sub
403 1580 457 1648 his
501 1578 671 1669 exemplis
711 1578 818 1647 latet:
855 1579 966 1650 Men.
1010 1583 1080 1649 62:
1121 1581 1281 1673 Eumque
1316 1582 1418 1651 ltere-

290 1695 367 1764 dem
389 1693 487 1786 fecit
510 1713 612 1783 quom
638 1691 711 1782 ipse
735 1692 827 1761 obiit
850 1693 955 1763 diem.
983 1695 1085 1763 Idem
1113 1694 1184 1764 fere
1213 1695 1417 1784 exemplum

293 1807 420 1897 legitur
438 1807 569 1875 Poen.
596 1829 695 1896 ¹070·
724 1806 825 1877 Cas.
853 1809 966 1897 prol.
998 1834 1059 1899 17:
1086 1808 1188 1878 Haec
1211 1831 1312 1899 qnam
1332 1809 1415 1898 pri-

293 1944 385 1990 mum
410 1929 490 1989 acta
518 1929 569 1987 est
600 1918 738 2001 sabula,
760 1920 847 1988 vicit
872 1942 988 1990 omnes
1001 1920 1167 2013 fabulas.
1190 1922 1301 1991 Men.
1324 1921 1414 2011 393:

295 2035 439 2104 Scilicet
468 2033 529 2125 qni
564 2032 696 2102 dudum
737 2043 848 2103 tecum
881 2035 989 2115 venit,
1028 2058 1130 2127 qnam
1158 2035 1295 2126 pallam
1326 2035 1417 2104 milti

289 2150 464 2220 detulisti.
507 2150 642 2217 Merc.
686 2149 775 2240 393:
811 2148 910 2218 Mihi
949 2148 1089 2240 quidem
1123 2149 1243 2240 edepol
1285 2149 1411 2229 visast,

288 2288 390 2359 qnam
416 2264 516 2333 illam
540 2263 629 2332 m'di.
659 2266 814 2355 Amph.
848 2265 958 2354 1137:
1000 2264 1054 2332 Tn
1079 2264 1278 2356 gravidam
1308 2264 1412 2332 illam

286 2380 422 2471 fecisti,
448 2400 549 2470 qnam
583 2378 619 2445 in
647 2378 843 2446 exercitum
869 2379 1080 2467 prm‘ectn's.
1119 2379 1284 2447 Pseud.
1318 2378 1410 2446 623:

289 2495 384 2563 Olim
430 2515 532 2585 qnam
571 2490 676 2571 abiit,
717 2502 868 2582 argento
908 2491 990 2560 baec
1029 2491 1106 2561 dies
1137 2493 1410 2583 praestitutast.

287 2607 416 2676 Trin.
445 2605 532 2695 879:
569 2604 701 2672 Census
730 2626 832 2695 quom
856 2626 946 2687 snm,
979 2606 1143 2675 iuratori
1170 2616 1263 2675 recte
1294 2603 1412 2673 ratio-

287 2729 361 2789 nem
393 2718 488 2790 dedi.

363 2830 509 2901 'Dixerit
543 2830 723 2921 quispiam
761 2832 912 2900 eandem
952 2832 1126 2900 rationem
1161 2832 1408 2921 temporalem,

286 2967 492 3036 quanquam
537 2943 782 3041 imperfectum
822 2944 1023 3013 adhibitum
1058 2945 1126 3030 sit,
1172 2945 1336 3036 cognosci
1365 2944 1409 3011 iis

286 3058 371 3127 locis
406 3057 467 3146 qui
508 3057 672 3146 leguntur
722 3058 838 3126 Men.
879 3057 969 3125 632:
1022 3057 1113 3125 Te...
1155 3056 1233 3124 m'di
1273 3067 1407 3135 astare,

285 3193 386 3264 qnam
425 3170 577 3261 negabas
608 3170 697 3239 mibi
724 3192 797 3239 esse
830 3193 954 3240 sanum
990 3171 1158 3260 sinciput,
1194 3180 1228 3237 et
1258 3171 1411 3262 negabas

285 3310 337 3356 me
369 3285 517 3371 novisse,
541 3286 777 3376 peregrinum
810 3286 912 3354 aibas
953 3308 1025 3354 esse
1055 3296 1100 3354 te.
1134 3285 1251 3352 Men.
1292 3286 1406 3370 1145:

283 3401 377 3469 Nam
411 3399 602 3490 illaquam
632 3409 665 3467 te
691 3399 739 3468 ad
759 3422 796 3467 se
811 3401 968 3483 vocabat,
996 3395 1129 3468 memet·
1144 3420 1216 3466 esse
1237 3395 1406 3466 credidit.
1520 3416 1521 3419 ’

285 3494 414 3588 Sedsi
450 3514 615 3604 respicias
645 3516 751 3584 verba
781 3514 922 3582 dicendi
952 3515 1037 3583 haec
1065 3537 1153 3600 esse,
1184 3535 1311 3604 negare
1336 3534 1407 3580 non

284 3629 363 3698 licet
391 3630 456 3697 hos
484 3629 579 3697 locos
605 3626 895 3695 adnumerandos
918 3648 993 3695 esse
1016 3626 1058 3693 iis
1082 3648 1173 3715 quos
1199 3625 1408 3715 pertractavi

285 3764 363 3833 pag.
399 3743 420 3811 8
444 3766 496 3832 sq.
520 3725 771 3831 Imperfectum
798 3739 907 3830 igitur
925 3738 1098 3830 significat
1121 3756 1251 3807 statum
1277 3736 1408 3805 duran·

284 3858 354 3925 tem
385 3856 513 3947 perid
545 3873 699 3947 tempuS,
718 3855 813 3923 intra
845 3855 942 3944 quod
972 3855 1010 3921 tit
1040 3854 1131 3922 actio
1161 3851 1342 3943 primaria.

374 3972 496 4041 Restat
531 3986 588 4038 ut
608 3985 798 4061 quaeratur
827 3968 1022 4037 accuratius
1053 3988 1162 4057 quam
1194 3966 1261 4034 late
1293 3981 1409 4055 pateat

284 4108 369 4153 usus
406 4083 601 4177 praesentis
643 4082 798 4153 historici
831 4104 914 4150 cum
944 4080 1115 4172 particula
1152 4086 1291 4170 ,quom‘
1324 4101 1407 4147 con·
