3109 4584
714 165 960 239 ..24-

272 333 458 424 scriptores
487 333 652 402 classicos
683 333 719 403 in
752 334 945 405 enuntiatis
974 335 1191 406 secundariis
1224 334 1397 414 coniunc·
1486 344 1488 349 ’

272 447 364 516 tivus
391 446 534 538 perfecti
563 464 597 517 et
625 447 821 539 imperfecti
852 448 1111 520 discernuntur.

357 562 435 633 Iam
472 562 516 630 ad
563 559 675 634 alium
721 584 828 633 usum
871 578 1093 633 transeamus
1137 586 1210 654 quo
1251 563 1395 654 potissi·

267 697 366 744 mum
384 676 487 744 firma
502 674 643 744 dicendi
668 677 889 746 consuetudo
910 677 1184 747 demonstretur.
1214 677 1276 749 Est
1296 675 1393 745 enim

265 788 449 880 quoddam
476 808 588 879 genus
616 787 755 858 dicendi
791 789 935 879 inquo
969 788 1217 880 imperfectum
1256 810 1396 882 semper

267 900 427 986 evitetur,
458 918 651 991 usurpetur
685 920 804 972 autem
835 902 1053 993 perfectum3
1091 905 1187 994 quod
1218 903 1322 994 quale
1352 902 1397 983 sit

265 1037 307 1083 er
338 1013 507 1107 exemplis
532 1014 619 1105 ipsis
653 1014 864 1086 iudicemus.
897 1016 1031 1087 Mera.
1066 1018 1163 1087 256:
1199 1018 1395 1107 Postquam

268 1128 307 1197 id
345 1127 439 1219 quod
481 1127 592 1209 uolui,
635 1128 817 1221 transegi,
860 1129 912 1198 ibi
950 1151 1015 1220 ego
1056 1130 1239 1221 conspicor
1275 1151 1395 1211 nauem

266 1266 311 1312 ex
340 1239 477 1324 Rhoda,
518 1264 586 1334 qua
617 1242 731 1323 lterist
769 1242 936 1313 advectus
965 1243 1078 1331 filius.
1120 1245 1271 1313 Most:
1298 1245 1392 1331 433:

272 1356 400 1425 Verum
425 1354 460 1423 si
486 1355 636 1447 posthae
655 1378 719 1425 -me
751 1355 876 1446 pedem
914 1356 1028 1427 latum
1066 1356 1170 1427 modo
1208 1358 1297 1428 scies
1328 1359 1395 1427 im·

261 1467 400 1558 posisse
439 1468 486 1537 iu
513 1468 663 1551 undam,
707 1470 775 1539 ltau
820 1481 985 1553 causast,
1024 1471 1124 1551 illico
1168 1472 1261 1564 quod
1307 1494 1397 1543 nunc

265 1581 414 1650 voluisti
434 1582 563 1673 facere
598 1583 683 1674 puin
711 1583 839 1674 facias
876 1584 976 1654 milti.
1009 1585 1105 1663 Mil.
1147 1586 1260 1676 glor.
1294 1588 1392 1656 606:

264 1700 380 1789 Atque
421 1695 552 1779 eadem,
592 1718 679 1787 quae
715 1696 794 1766 illis
821 1697 970 1768 voluisti
994 1699 1135 1791 facere,
1164 1698 1224 1768 illi
1252 1700 1395 1785 faciunt

266 1812 345 1882 tibi.
388 1810 502 1885 Ibid.
549 1833 661 1881 1200:
701 1810 805 1903 Quod
833 1812 950 1895 volut,
983 1823 1020 1881 ut
1045 1813 1155 1895 volui,
1188 1813 1391 1904 impetrari.

268 1926 399 1993 Persa
428 1945 519 2014 722:
549 1927 669 2007 Attal,
696 1924 830 1995 oblitus
859 1947 936 1995 sum
963 1926 1060 1995 intus
1084 1924 1218 1995 dudum
1243 1925 1391 2009 edicere,

264 2061 352 2131 quae
400 2038 499 2108 volui
544 2037 672 2109 edicta.
721 2040 872 2108 Pseud.
917 2061 1013 2128 424:
1058 2041 1135 2131 Quo
1165 2050 1393 2110 commeatum

265 2153 362 2221 valui
401 2154 437 2223 iu
473 2153 725 2244 argentarium
760 2154 959 2245 proficisci,
1004 2152 1055 2223 ihi
1093 2175 1183 2223 nunc
1215 2154 1304 2223 milti
1334 2175 1394 2244 op·

260 2265 349 2358 pido
389 2267 553 2357 obsaepta
593 2278 645 2336 est
682 2267 753 2336 uia.
784 2268 910 2337 Merc.
950 2290 1024 2360 94:
1059 2268 1184 2337 Omnis
1226 2278 1266 2337 ut
1295 2266 1395 2341 volui

264 2378 409 2449 vendidi
437 2400 482 2448 ex
504 2377 690 2450 sententia.
718 2381 827 2450 Men.
862 2380 952 2468 364:
980 2381 1089 2450 Omne
1109 2391 1334 2472 paratumst,
1354 2391 1398 2449 utv

266 2492 418 2576 iussisti,
453 2503 493 2563 ut
520 2493 680 2563 voluisti.
706 2493 797 2562 Mil.
823 2493 928 2583 glor.
963 2515 1074 2579 rapo:
1111 2494 1201 2563 Cum
1228 2495 1305 2585 t'pso
1331 2491 1394 2584 pol

263 2630 341 2677 sum
373 2608 506 2691 locuta,
532 2606 687 2698 placide,
721 2607 805 2677 dum
842 2607 1030 2677 lubitumst
1057 2607 1159 2690 milti,
1197 2608 1285 2690 otia,
1320 2628 1399 2675 meo

263 2720 461 2804 arbitratu,
486 2732 524 2790 ut
547 2720 656 2790 volui.
692 2721 800 2791 lbid.
845 2744 960 2810 1204:
991 2720 1122 2792 ‘Verum
1147 2734 1331 2812 postremo
1354 2731 1394 2791 ut

263 2833 361 2902 volui
398 2833 603 2926 impetravi.
646 2834 771 2903 Trin.
804 2836 896 2925 827:
928 2836 1023 2903 Nam
1048 2834 1113 2927 pol
1142 2833 1328 2926 placidum
1360 2844 1393 2902 te

263 2959 297 3017 et
328 2947 526 3018 clementem
561 2971 600 3018 eo
631 2971 737 3040 usque
766 2949 883 3033 modo,
909 2960 949 3018 ut
979 2950 1098 3032 volui,
1132 2972 1214 3018 usus
1247 2970 1324 3029 sum
1356 2949 1392 3017 in

263 3061 350 3129 alta.
384 3062 537 3130 Pseud.
580 3064 689 3153 1269:
723 3063 918 3154 Postquam
949 3084 1037 3154 opus
1067 3085 1191 3147 meum,
1211 3075 1257 3132 ut
1279 3061 1389 3144 volui,

262 3196 361 3243 omne
390 3175 614 3266 perpetravi,
647 3175 807 3245 hostibus
823 3176 986 3268 fugatis,
1021 3175 1106 3245 illos
1136 3177 1301 3246 cubantes
1326 3198 1392 3269 po·

263 3298 378 3357 tantas
407 3298 565 3356 amantes
592 3310 669 3357 cum
700 3287 834 3358 scortis
865 3289 1008 3380 reliqui.
1043 3289 1100 3360 Cf.
1138 3291 1231 3359 Ter.
1263 3291 1390 3359 Andr.

263 3400 360 3488 841:
394 3400 447 3470 Et
473 3401 588 3471 nescio
617 3401 679 3493 qui
710 3402 780 3489 tibi
809 3425 886 3472 sum
919 3402 1053 3472 oblitus
1083 3403 1187 3472 hodie
1221 3425 1264 3472 ae
1294 3398 1393 3472 volui

262 3514 393 3585 dicere.
427 3517 531 3585 Hanc
567 3535 686 3586 autem
726 3516 881 3606 speciem
922 3517 1007 3587 haec
1038 3519 1198 3609 exempla
1238 3539 1322 3607 prae
1356 3538 1392 3584 se

262 3627 379 3698 ferunt
426 3647 464 3698 ut
497 3630 692 3700 ⁴enuntiato
732 3631 943 3700 secundario
993 3632 1138 3722 aliquod
1184 3630 1390 3714 consilium,

263 3742 444 3812 enuntiato
487 3760 606 3812 autem
642 3744 814 3833 primario
850 3764 905 3813 res
945 3743 1020 3837 ipsa
1056 3746 1099 3813 ad
1132 3765 1242 3835 quam
1281 3743 1393 3813 tendit

262 3858 328 3926 hoc
358 3857 550 3927 consilium
579 3876 774 3948 exponatur
782 3881 795 3942 ;
828 3859 946 3950 itaque
969 3859 1168 3929 infinitivus
1194 3858 1270 3933 eius
1291 3857 1390 3927 verbi

262 3971 358 4060 quod
400 3987 509 4040 exstat
550 3970 587 4039 in
625 3972 807 4040 enuntiato
843 3971 1016 4061 primario
1042 3990 1103 4040 aut
1133 3970 1228 4041 iuxta
1266 3971 1388 4058 ‚volui‘

262 4083 435 4171 (voluisti)
458 4080 599 4174 positus
617 4102 671 4152 est
698 4101 759 4153 aut
782 4085 1121 4177 subintellegendus.
1150 4090 1268 4177 Atque
1284 4070 1391 4176 supra
