3109 4584
725 154 972 233 ..18-

287 324 414 418 corrigi
465 323 538 397 sive
591 324 674 397 addi
729 324 877 416 possint.
926 329 1043 418 Atque
1091 344 1129 400 ut
1170 349 1192 395 a
1237 327 1408 418 particula

287 447 424 531 ,quom‘
453 437 650 524 ordiamur,
686 437 844 529 primurn
875 437 935 511 iiia
964 442 1124 535 exempla
1152 459 1408 533 pertractemus

286 576 376 647 quse
420 569 557 627 exstant
592 554 755 643 Amph.
799 555 885 645 599:
937 553 986 625 tn
1023 553 1168 648 quicque
1196 566 1408 641 attamen,

285 692 387 763 quom
422 666 519 761 apud
548 668 665 739 buttes
701 665 858 740 sedimus
866 689 879 750 ,·
919 671 1080 759 Amph.
1122 691 1212 761 249:
1250 671 1411 761 Namque

285 805 351 875 ego
373 782 443 876 sui
477 780 538 853 ilbi
574 780 613 851 in
647 803 687 852 re
718 782 905 872 praesenti
940 792 975 853 et
1009 804 1106 853 meus
1139 805 1242 876 quom
1266 806 1410 876 pugna·

286 904 396 965 tumst
412 902 532 985 pater.
565 889 712 964 Stich.
745 894 832 984 579:
866 894 979 985 Quom
1003 894 1061 963 bic
1088 915 1155 964 non
1177 892 1297 988 adfui,
1332 916 1408 964 cum

285 1006 413 1079 amicis
438 1002 645 1077 deliberavi.
679 1005 817 1079 Eorum
846 1022 971 1077 natura
1001 1029 1042 1077 ea
1072 1024 1137 1091 est,
1168 1024 1207 1076 ut
1237 1024 1409 1079 statuatur

284 1122 387 1212 piena
416 1118 586 1210 temporis
614 1119 809 1210 aequalitas
840 1137 873 1193 et
904 1120 1078 1193 enuntiati
1105 1120 1266 1211 primarii
1294 1139 1330 1191 et
1353 1144 1407 1191 se·

285 1233 463 1307 cundarii:
498 1233 594 1325 quod
627 1232 656 1303 si
689 1233 780 1305 ratio
811 1256 852 1305 ea
879 1233 1074 1320 intercedit,
1107 1253 1145 1305 ut
1175 1235 1266 1307 actio
1293 1256 1408 1305 enun-

284 1348 359 1421 tiati
383 1346 589 1439 temporalis
613 1348 717 1421 duret
739 1347 878 1421 actione
901 1347 1068 1435 primaria
1083 1366 1143 1421 aut
1158 1348 1234 1438 ipsa
1257 1349 1408 1422 durante
1507 1355 1512 1361 ’

285 1480 345 1535 aut
369 1461 616 1546 intercedente,
640 1483 721 1532 cum
746 1464 842 1553 apud
872 1462 960 1533 alios
990 1463 1179 1553 scriptores
1203 1480 1281 1533 tum
1313 1463 1407 1554 apud
1527 1476 1528 1481 ’

288 1578 455 1651 Plautum
503 1575 655 1648 maxime
701 1575 900 1667 legitimum
946 1593 998 1647 est
1043 1576 1288 1669 imperfectum
1326 1599 1408 1648 cum

285 1689 533 1765 coniunctione
571 1696 708 1780 ,quom‘
747 1689 894 1781 quidem
929 1690 1170 1762 coniunctum.
1214 1689 1283 1761 His
1312 1691 1408 1761 eninr

285 1804 399 1877 tribus
437 1803 590 1895 exceptis
625 1825 750 1875 omnes
790 1803 856 1876 loci
891 1805 1062 1889 Plautini,
1103 1805 1164 1895 qui
1191 1806 1255 1877 huc
1285 1805 1408 1876 eadem

286 1919 355 1990 sint
394 1934 533 1998 natura,
573 1918 609 1987 in
647 1918 829 1991 enuntiato
867 1919 1076 1993 secundario
1112 1919 1242 1992 habent
1282 1920 1407 2012 imper·

285 2031 428 2105 tectum
479 2029 571 2104 Sunt
611 2049 729 2103 autem
771 2032 807 2105 iti
851 2032 943 2103 ioci:
986 2034 1146 2125 Amph.
1187 2057 1272 2125 199:
1311 2036 1407 2105 Nam

285 2167 387 2239 quom
413 2144 624 2236 pugnabant
653 2145 820 2228 maxime,
845 2156 1010 2237 egotam
1024 2146 1216 2240 fugiebam
1239 2147 1403 2220 maxime.

285 2264 356 2333 As.
380 2278 469 2350 9²7²
493 2257 605 2331 Modo
628 2281 730 2352 quom
752 2258 850 2332 dicta
877 2260 914 2333 in
935 2282 987 2333 me
1004 2260 1202 2352 ingerebas,
1229 2282 1296 2330 non
1315 2283 1409 2333 uxor

285 2394 395 2445 eram.
434 2372 533 2443 Aut.
585 2372 673 2462 178:
717 2372 962 2465 Praesagibat
999 2374 1050 2444 mi
1086 2373 1228 2444 animus
1251 2374 1407 2465 frustra

284 2508 387 2578 qnam
410 2485 549 2558 exibam
575 2484 691 2557 domo.
719 2485 812 2558 Mil.
847 2487 961 2578 glor.
995 2487 1085 2557 181:
1121 2488 1234 2577 Quom
1252 2486 1405 2569 abibam,

285 2598 341 2666 iric
355 2607 447 2666 erat.
478 2598 638 2666 Pseud.
669 2602 758 2668 500:
785 2599 912 2669 Nona
937 2621 990 2671 me
1011 2598 1128 2670 scibas
1144 2599 1345 2688 pistrinum
1371 2600 1408 2668 in

286 2709 415 2783 mundo
432 2712 523 2801 fore
547 2710 627 2792 tibi,
652 2732 754 2801 quom
775 2732 816 2782 ea
838 2710 1082 2782 mussitabas?
1111 2712 1266 2785 Pseud.
1301 2714 1405 2785 1180:

286 2825 404 2896 Noeta
438 2823 474 2891 in
512 2822 678 2915 uigiliam
714 2824 853 2915 qnando
882 2824 958 2896 ibat
988 2825 1100 2908 miles,
1130 2847 1232 2917 quom
1264 2837 1303 2897 tn
1333 2827 1409 2897 ibas

285 2937 405 3019 simui,
420 2936 685 3012 cortvent'ebatne
701 2938 737 3007 in
750 2938 919 3029 vaginam
936 2948 1033 3010 taam
1049 2939 1235 3009 machaera
1250 2937 1409 3010 militis?

288 3051 396 3127 uua.
434 3052 545 3122 1252:
589 3050 659 3123 Sed
688 3073 790 3143 quom
815 3050 896 3125 inde
923 3074 1023 3124 suam
1054 3053 1197 3144 quisque
1230 3053 1329 3124 ibant
1351 3053 1408 3124 di-

285 3165 386 3238 rorsi
413 3164 567 3247 domum,
592 3164 711 3236 nulius
734 3176 816 3237 erat
838 3164 903 3236 iiio
922 3176 1041 3256 pacto,
1067 3177 1107 3236 nt
1132 3166 1191 3236 illi
1215 3167 1405 3238 iusserant.

287 3278 397 3348 Rud.
424 3279 512 3369 307:
537 3279 633 3351 Nam
649 3301 751 3371 quom
777 3279 881 3350 modo
912 3280 1034 3350 exibat
1047 3280 1173 3371 foras,
1200 3280 1407 3372 adportam

285 3414 322 3460 se
344 3392 444 3463 aibat
469 3392 524 3462 ire
551 3391 606 3479 (cf.
639 3415 719 3484 pag.
746 3394 795 3482 8).
828 3433 871 3445 -
908 3395 1069 3484 Amph.
1105 3416 1199 3486 427:
1233 3396 1409 3486 Legiones

287 3528 387 3597 quom
411 3505 624 3597 pugnabant
655 3507 820 3589 maxime,
853 3507 940 3599 quid
965 3508 1001 3579 in
1028 3508 1231 3579 tabernaclo
1247 3507 1410 3598 fecisti?

287 3621 407 3693 Cure
431 3622 519 3707 541:
545 3617 642 3689 idem
666 3640 734 3711 ego
757 3620 860 3700 istuc,
890 3642 994 3711 quom
1017 3619 1200 3693 credebam
1224 3620 1406 3693 credidi...

286 3734 418 3802 Merc.
445 3733 535 3823 753:
559 3732 718 3802 Haecine
744 3742 805 3800 tua
829 3733 1027 3815 retamim,
1046 3734 1297 3825 quamdudum
1320 3733 1410 3803 mibi

287 3857 320 3917 te
335 3846 601 3929 amaredixtei,
619 3869 721 3938 onom
736 3847 960 3919 absonabas.9
983 3849 1097 3919 Men.
1122 3853 1230 3921 1052:
1256 3849 1405 3940 Eripm',

286 3980 387 4049 quom
420 3959 575 4028 homines
597 3959 770 4052 ferebant
809 3971 842 4028 te
873 3960 1056 4029 sublimem
1093 3972 1267 4053 quattuor
1303 3961 1407 4051 (‚qui‘

289 4074 324 4139 in
355 4072 454 4140 libris
488 4090 609 4157 exstat,
650 4079 786 4163 ‚quom‘
829 4075 903 4141 sine
933 4073 1043 4142 dubio
1074 4090 1162 4143 recte
1194 4073 1408 4146 Ritschelius
