3109 4584
706 177 997 251 -66-

267 353 385 435 faxim
415 352 477 444 qui
513 351 630 419 sciant
658 348 752 441 quod
786 351 957 432 nesciunt,
995 347 1291 441 occlusioremque
1327 348 1391 418 ha·

266 469 368 537 beant
395 465 728 558 stultiloquentiam·
771 465 905 534 Truc.
937 465 1005 535 61:
1040 466 1137 556 Quos
1166 485 1269 556 quom
1299 464 1392 533 cela·

265 604 353 665 mus,
384 582 419 651 si
437 581 609 673 faximus
640 579 810 664 conscios,
838 602 908 649 uua
931 590 1123 671 anteparta
1149 578 1271 648 demus
1288 589 1391 670 post-

258 696 477 786 partoribus
505 705 540 763 et
562 693 678 762 minus
698 692 951 763 damnosorum
972 692 1151 762 hominum
1175 714 1278 784 quam
1303 714 1392 761 nune

263 820 347 879 sunt
372 809 453 878 siet.
488 809 599 880 Rud.
633 811 721 899 978:
756 809 852 877 Nam
882 808 917 877 si
945 818 979 877 et
1011 807 1103 876 istuc
1131 807 1188 876 ius
1219 807 1270 876 sit
1297 806 1393 899 quod

265 946 452 1006 memoras,
468 927 671 1015 piscatores
679 923 874 1015 perierint.
910 923 1025 993 Ibid.
1054 944 1162 1013 1419:
1195 922 1393 1014 Sequimini

266 1041 377 1120 intro,
408 1048 638 1129 spectatores
665 1059 726 1107 vas
746 1060 877 1130 quoque
900 1037 947 1106 ad
977 1059 1095 1106 certam
1120 1057 1247 1117 vocem,
1267 1036 1306 1104 ni
1326 1035 1392 1103 da·

266 1164 371 1223 turus
401 1152 453 1222 nil
481 1150 552 1220 sim
580 1174 686 1244 neque
714 1152 764 1221 sit
792 1154 977 1244 quicquam
1000 1149 1155 1242 pollucti
1177 1150 1287 1232 domi,
1315 1149 1392 1218 niue

266 1267 354 1336 adeo
379 1246 520 1336 uocatos
543 1265 686 1335 credam
711 1287 773 1334 uos
802 1286 875 1334 esse
899 1264 947 1333 ad
969 1285 1087 1333 cenam
1108 1263 1232 1354 foras.
1264 1264 1391 1334 Verum

265 1382 299 1451 si
322 1382 450 1452 volatis
474 1381 641 1471 plausu'm
658 1381 807 1472 fabulae
835 1380 917 1450 huic
939 1379 1078 1448 clamem
1101 1378 1202 1460 dare,
1229 1378 1391 1447 commis-

264 1507 382 1565 satum
410 1517 527 1564 omues
555 1494 718 1577 venitote,
750 1495 875 1565 adme
904 1494 954 1564 ad
984 1516 1095 1564 annos
1121 1494 1282 1564 sedecim.
1317 1500 1388 1563 As.

268 1611 357 1702 393:
383 1606 500 1679 Sitit
522 1609 631 1692 domi,
659 1608 777 1679 dicam
802 1609 882 1679 tibi.
916 1610 985 1679 His
1015 1609 1099 1678 locis
1128 1631 1211 1678 cum
1237 1631 1391 1699 eaquae

265 1727 431 1795 dicuntur
455 1742 652 1815 repugnent
676 1725 828 1811 veritati,
861 1747 926 1793 nos
949 1725 1025 1793 iure
1047 1725 1192 1794 subesse
1210 1724 1390 1793 notionem

266 1841 430 1909 irrealem
460 1841 671 1909 contendere
706 1862 908 1930 possumus.
950 1839 1073 1929 Quare
1110 1840 1257 1908 miretur
1295 1838 1390 1921 quis-

266 1956 361 2046 piam
391 1956 487 2044 quod
519 1976 589 2023 non
621 1954 802 2024 adhibitus
833 1955 878 2023 sit
899 1954 1144 2023 coniunctivus
1173 1954 1230 2022 vel>
1257 1954 1392 2044 imper-

265 2070 344 2139 fecti
377 2071 431 2139 vel
463 2070 811 2160 plusquamperfecti.
844 2071 1007 2139 Fortasse
1039 2087 1130 2138 recte
1159 2069 1330 2138 iudicabit
1361 2071 1390 2138 is

265 2185 325 2276 qui
363 2184 541 2276 quandam
575 2185 758 2254 notionem
793 2184 982 2253 futuralem
1017 2184 1241 2253 coniunctivo
1279 2185 1390 2253 inesse

264 2316 423 2385 censeat3
441 2321 531 2390 quae
549 2299 647 2368 enim
673 2299 709 2367 in
733 2299 931 2389 praesentia
955 2293 1086 2368 obsunt
1108 2299 1259 2379 veritati,
1288 2321 1390 2388 saepe

265 2415 384 2484 futuro
415 2431 573 2504 tempore
610 2414 704 2482 fient.
747 2414 873 2503 Neque
914 2413 959 2482 ita
1002 2431 1197 2504 usurpatus
1222 2408 1273 2482 est
1307 2436 1390 2482 con·

266 2529 454 2613 iunctivus‚
483 2549 521 2596 ut
550 2549 624 2596 rem
649 2528 766 2596 fictam
791 2546 897 2620 atque
922 2528 957 2596 in
982 2529 1257 2620 cogitationibus
1282 2530 1390 2598 modo

265 2661 461 2713 versantem
497 2643 690 2732 exprimat,
723 2644 784 2711 sed
821 2644 938 2734 agitur
968 2645 1011 2711 de
1047 2666 1083 2712 re
1117 2666 1156 2712 ea
1186 2665 1296 2733 quam
1326 2644 1390 2711 ali·

264 2761 343 2851 quis
367 2760 487 2829 futuro
508 2776 669 2850 tempore
692 2777 898 2828 eventuram
920 2783 995 2829 esse
1020 2783 1085 2850 pro
1106 2774 1200 2830 certo
1222 2760 1391 2850 opinetur

264 2877 318 2945 vel
341 2876 499 2966 quadam
519 2898 602 2944 cum
626 2876 659 2943 vi
687 2892 720 2943 et
744 2876 893 2944 consilio
919 2898 985 2966 pro
1009 2892 1105 2945 certa
1128 2877 1247 2966 fingat.
1277 2876 1391 2946 Aliter

263 2993 307 3059 de
338 2992 402 3059 hac
431 3012 467 3059 re
499 2990 667 3059 iudicavit
707 2991 846 3059 Blasius
877 2994 925 3081 (p.
960 2994 1036 3081 25);
1070 2993 1129 3061 sed
1161 2991 1319 3060 assentiri
1355 2991 1388 3059 ei

265 3128 335 3173 non
369 3126 529 3194 possum.
668 3096 671 3103 ⁴
1042 3120 1047 3126 ’

353 3219 445 3291 Sunt
475 3220 581 3288 etiam
612 3221 784 3311 exempla,
815 3221 877 3289 ubi
910 3221 1156 3290 coniunctivus
1181 3221 1295 3289 ¹futuri
1326 3242 1389 3287 no·

263 3337 358 3404 tione
387 3337 577 3405 instructus
608 3338 717 3405 modo
742 3339 942 3407 inveniatur
967 3339 1002 3406 in
1030 3338 1173 3428 protasi.
1226 3333 1387 3406 Bac'ch.

269 3473 376 3541 1172:
418 3452 472 3519 Ni
502 3452 618 3531 abeas,
650 3451 730 3533 tibi,
761 3473 957 3542 quanquam
986 3462 1033 3520 tu·
1054 3450 1189 3533 bella's,
1222 3472 1388 3542 maguum

264 3563 395 3632 malum
427 3563 518 3633 dabo
549 3565 632 3632 iam.
681 3563 796 3633 Ibid.
837 3567 945 3652 1045:
987 3564 1030 3632 Si
1057 3564 1141 3655 plus
1164 3563 1388 3654 perdundum

263 3680 325 3762 sit,
353 3677 509 3770 periisse
536 3679 692 3761 suavius,
725 3701 829 3769 quam
859 3679 952 3748 illua
972 3679 1160 3771 flagitium
1186 3677 1291 3770 uolgo
1317 3677 1389 3745 dis-

258 3793 450 3882 palescere.
476 3793 632 3883 Amph.
662 3794 754 3884 891:
784 3794 1041 3864 Faciundumst
1063 3786 1153 3865 mihi
1177 3793 1281 3877 illud,
1295 3796 1391 3886 fieri

264 3906 356 3997 quod
394 3905 497 3974 illaec
530 3908 706 3996 postulat,
743 3909 777 3976 si
816 3930 867 3976 me
905 3908 1006 3977 illam
1039 3919 1215 3980 amantem
1241 3907 1290 3977 ad
1316 3930 1389 3976 sese

264 4019 424 4088 studeam
449 4020 617 4110 recepere.
649 4025 839 4113 Langenus
864 4044 899 4112 p.
922 4024 968 4111 48
993 4023 1131 4092 dubitat
1153 4044 1240 4091 num
1265 4022 1310 4090 sit
1333 4022 1389 4090 hic

265 4156 388 4205 versus
410 4137 605 4227 genuinus:
623 4162 714 4229 quae
732 4162 786 4208 res
810 4141 1067 4230 quoquomodo
1082 4164 1117 4209 se
1134 4140 1253 4225 habet,
1270 4156 1388 4208 tamen
