3109 4584
612 206 667 230 ·-
716 177 764 250 27
814 220 864 231 -

175 339 285 430 ‚quod
310 338 488 408 volebam‘
513 340 567 429 (==
584 341 701 411 meine
716 342 877 433 Absicht)
902 332 1063 417 hocloco
1087 367 1300 442 usurpatum

172 469 226 521 est
248 474 356 543 quarn
380 453 415 522 in
433 473 550 541 versu,
568 474 676 547 quern
691 458 841 550 exempli
857 460 968 551 gratia
983 461 1103 548 affero,
1122 468 1190 534 As.
1216 465 1297 556 39²·

175 579 319 650 Licebat
342 580 448 671 igitur
471 599 593 673 poetae
617 584 742 655 eodem
776 587 853 656 iure
883 587 1017 659 dicere:
1052 592 1164 681 ‚quod
1201 594 1297 662 vnio‘

173 692 227 761 vel
253 692 362 783 ‚quod
387 709 439 762 est
462 714 583 764 meum
606 697 825 768 consilium‘.
851 698 987 770 Contra
1011 701 1205 792 perfectum
1230 704 1298 774 hoc

173 804 251 873 ioco
274 821 327 873 est
350 805 472 895 procui
498 807 716 894 habendum,
750 811 848 901 quod
873 812 939 880 hoc
962 813 1111 903 quidem
1135 814 1213 884 loco
1238 816 1297 885 ali·

172 916 274 985 euius
296 920 468 989 momenti
493 938 610 991 estut
633 923 700 992 boc
723 922 921 1015 prematur,
947 928 1168 998 voluntatem
1193 931 1300 1000 etiam

173 1028 210 1097 in
235 1030 433 1120 praesentia
466 1018 616 1103 durare:
648 1059 739 1126 quae
772 1037 922 1108 minime
946 1056 998 1109 est
1021 1058 1146 1111 natura
1175 1066 1299 1113 eorum

173 1144 332 1213 iocorum
358 1144 421 1236 qui
445 1147 640 1237 perfectum
665 1150 806 1221 habent.

588 1599 592 1607 ,
644 1525 753 1597 CAP.
783 1527 831 1596 11.

488 1808 543 1890 De
572 1806 988 1910 plusquamperfecto.

172 2074 176 2081 ’
264 2058 659 2151 Plusquamperiecturn
697 2061 877 2152 primitus,
913 2059 948 2129 id
981 2061 1078 2150 quod
1103 2060 1157 2129 vei
1182 2060 1296 2129 forma

171 2171 250 2240 eius
273 2172 483 2259 declaratur,
508 2190 584 2243 erat
617 2173 718 2264 quasi
752 2173 999 2264 imperfectum
1022 2173 1119 2264 quod
1149 2173 1296 2263 quidem

172 2286 363 2376 pertineret
386 2289 430 2357 ad
455 2288 649 2380 perfectum
673 2288 843 2381 logicum,
869 2309 952 2357 cum
976 2288 1066 2357 illud
1090 2287 1188 2378 quod
1213 2309 1297 2377 pro·

172 2399 247 2487 prie
272 2400 402 2471 dicitur
424 2401 669 2494 imperfectum
694 2420 824 2493 spectet
859 2404 903 2472 ad
928 2424 1106 2495 praesens.
1138 2400 1208 2474 Sed
1240 2402 1298 2470 vix

171 2529 306 2582 certum
331 2514 438 2584 huius
471 2516 607 2608 generis
631 2517 730 2608 quod
755 2518 864 2586 modo
897 2515 1148 2606 descripsimus
1179 2535 1297 2584 exem·

168 2625 270 2715 plum
294 2627 425 2698 inveni.
454 2629 670 2720 Saepissime
694 2629 791 2700 enim
813 2629 1002 2700 adhibetur
1020 2628 1070 2698 sic
1086 2628 1295 2719 plusquam-

166 2738 362 2830 perfectum
393 2761 432 2811 ut
462 2743 632 2835 significet
663 2744 819 2834 aliquam
857 2743 1030 2812 actionem
1068 2757 1147 2811 ante
1185 2741 1294 2810 aliam

166 2856 392 2947 praeteritam
424 2879 499 2927 esse
530 2857 658 2927 factam
684 2857 970 2947 absolutamque.
998 2855 1164 2925 Refertur
1189 2856 1296 2947 igitur

164 2969 210 3038 ad
228 2969 324 3039 aliud
339 2972 482 3062 ¹tempus
508 2972 752 3062 praeteritum,
771 2972 866 3040 unde
883 2987 977 3039 recte
995 2968 1164 3061 appellari
1181 2986 1294 3060 potest

167 3094 308 3175 tem'pus
337 3084 537 3155 relativum.
563 3088 683 3178 Atque
707 3085 775 3155 hoc
798 3084 945 3176 quidem
970 3084 1007 3153 in
1034 3105 1160 3175 genere
1182 3105 1293 3174 quae·

165 3198 250 3266 dam
281 3197 512 3290 proprietates
543 3217 692 3292 possunt
722 3197 953 3291 deprehendi.
981 3195 1075 3269 Satis
1098 3197 1219 3266 creber
1243 3214 1294 3266 est

166 3312 224 3382 rile
253 3335 340 3381 usus
364 3312 401 3382 in
414 3312 604 3384 enuntiatis
621 3312 813 3404 primariis,
841 3327 880 3381 ut
903 3310 1292 3402 plusquamperfectum

166 3425 321 3516 perfecto
350 3426 402 3496 ad‘
432 3428 529 3518 quod
560 3426 712 3519 pertinet
746 3425 919 3495 succedat.
954 3423 1061 3494 Velut
1092 3425 1163 3492 As.
1191 3445 1287 3514 449:

169 3538 417 3631 Quamdudum
442 3550 481 3610 tu
503 3537 713 3612 advenisti?
735 3541 819 3637 Non
842 3538 956 3609 hercle
988 3548 1021 3609 te
1046 3537 1292 3630 provideram.

168 3654 220 3723 Ea
252 3653 360 3745 igitur
391 3678 481 3746 quae
513 3656 611 3747 prius
640 3656 729 3725 sacta
763 3672 847 3724 sunt
873 3652 1065 3745 posteriore
1103 3653 1181 3722 loco
1212 3674 1294 3722 nar·

168 3784 303 3837 rantur.
339 3767 443 3860 Quae
471 3770 650 3861 perversio
681 3791 764 3838 cum
788 3790 852 3860 per
877 3790 913 3836 se
944 3767 1019 3858 ipsa
1042 3767 1201 3858 arguitur
1220 3789 1295 3837 esse

168 3880 345 3954 sermonis
375 3882 517 3951 laxioris
550 3883 752 3975 dialogique
780 3899 926 3951 naturae
966 3879 1087 3949 deberi
1121 3896 1199 3948 tum
1239 3901 1294 3963 eo,

169 3993 267 4083 quod
305 3994 400 4085 apud
438 4017 497 4065 eos
535 3995 722 4087 scriptores
755 3995 816 4085 qui
853 4010 957 4062 testes
998 4009 1082 4061 sunt
1120 3992 1295 4062 sermonis

170 4107 338 4176 cotidiani
378 4109 606 4201 potissimum
652 4109 846 4192 invenitur,
885 4106 1000 4176 rarius
1039 4123 1156 4175 autem
1198 4106 1294 4195 apud
