3109 4584
636 166 882 241 ...39-

191 356 378 428 syntaxeos
403 338 496 429 leges
521 358 662 428 semper
686 360 805 409 rerum
831 337 1090 406 narrandarum
1118 336 1317 406 condicioni

191 470 292 544 aptae
321 468 415 520 sunt.
456 452 595 522 Deinde
626 470 772 542 apparet
802 453 995 536 interdum,
1036 469 1074 519 ut
1106 451 1152 520 ita
1188 450 1318 534 dicam,

188 565 305 634 maior
318 565 516 635 formarum
532 565 628 635 verbi
646 565 719 650 vis3
745 587 829 634 nam
844 587 926 634 cum
951 564 980 632 is
1002 565 1064 654 qui
1086 564 1317 654 cogitationes

190 680 449 770 sententiasque
484 682 576 749 lente
609 702 800 771 perpensas
830 679 1051 769 pronuntiat,
1073 668 1207 747 'multis
1237 700 1319 768 par·

189 795 306 862 ticulis
350 794 516 864 adhibitis
558 794 690 863 indicat
730 817 823 885 quae
861 793 1088 863 condiciones
1129 792 1219 861 inter
1265 814 1319 860 res
1396 849 1400 857 .

191 908 384 976 narrandas
418 908 650 994 intercedant,
684 908 833 978 Plautus
867 905 1098 977 multifariam
1127 906 1317 997 particula-

191 1044 271 1090 rum
312 1021 387 1090 vim
425 1021 461 1090 in
490 1022 589 1090 verbi
617 1021 749 1091 formas
781 1022 874 1113 ipsas
903 1021 1105 1104 transtulit3
1146 1043 1216 1111 qua
1246 1038 1319 1088 arte

189 1152 409 1225 quantopere
446 1153 616 1228 augeatur
657 1137 755 1228 vigor
792 1135 963 1204 orationis
992 1135 1174 1203 neminem
1209 1133 1318 1223 fugiet

190 1249 253 1339 qui
277 1250 332 1318 vel
357 1249 470 1318 obiter
494 1252 557 1318 bas
583 1273 637 1319 res
661 1248 825 1339 tetigerit.
853 1249 926 1321 Sed
950 1249 1092 1340 singula
1120 1248 1316 1317 videamus

191 1361 355 1430 Primum
393 1385 561 1452 praesens
601 1363 636 1431 in
675 1386 742 1432 usu
782 1380 834 1431 est
869 1386 933 1452 pro
965 1362 1084 1431 futuro
1113 1380 1203 1429 <tum
1232 1381 1314 1428 cum

190 1477 273 1545 satis
316 1477 469 1546 dilucide
509 1478 579 1546 alio
617 1478 726 1546 modo
762 1477 940 1546 indicatur
978 1499 1054 1546 rem
1089 1477 1133 1544 ad
1170 1494 1312 1563 tempus

190 1588 350 1657 futurum
368 1592 554 1680 pertinere.
590 1591 769 1661 Adverbio
788 1598 890 1678 ,cras‘
917 1592 1093 1661 indicatur
1117 1590 1206 1673 ratio
1230 1606 1317 1657 tem·

190 1705 322 1793 poralis
364 1707 531 1774 Pseud.
569 1710 633 1776 60:
677 1708 773 1776 Cras
804 1729 843 1776 ea
878 1705 1018 1799 quidem
1057 1716 1151 1774 sunt.
1203 1705 1319 1773 Etiam

191 1840 233 1886 eo
263 1820 339 1886 loco
370 1819 431 1909 qui
465 1821 591 1911 legitur
630 1823 760 1891 Poen.
802 1820 888 1908 343:
935 1818 1084 1910 Quando
1127 1818 1188 1886 illi
1225 1816 1320 1908 apud

190 1955 242 2000 me
261 1955 391 2002 mecam
415 1944 521 2024 caput
545 1945 578 2003 et
601 1957 730 2030 corpus
745 1933 925 2027 copulas?
950 1935 1027 2023 ipso
1051 1948 1215 2001 contextu
1242 1953 1318 1999 ver-

191 2047 321 2115 borum
351 2048 513 2117 dubitare
544 2055 717 2131 vetamur,
751 2048 838 2141 quin
865 2048 918 2115 vis
949 2047 1066 2117 sutura
1095 2046 1317 2114 contineatur

191 2159 258 2227 hoc
287 2159 384 2243 locos
419 2176 502 2230 nam
534 2185 628 2237 cur-n,
646 2185 709 2254 per
740 2186 776 2231 se
804 2162 865 2231 vix
894 2163 938 2230 de
970 2162 1040 2230 alio
1071 2179 1232 2250 ternpore
1259 2182 1319 2227 co-

189 2273 292 2365 gitari
323 2276 446 2363 possit,
476 2290 554 2343 turn
583 2292 780 2367 sequuntur
805 2298 898 2348 vers.
925 2276 1015 2364 344:
1051 2276 1128 2365 Quo
1157 2272 1215 2343 die
1248 2273 1321 2342 Or-

187 2408 248 2456 cus
270 2388 471 2458 Acherunte
494 2400 656 2458 mortuos
673 2390 857 2477 amiserit.
885 2391 1012 2479 Neque
1033 2389 1189 2456 multum
1203 2385 1320 2455 differt

188 2502 234 2570 ab
263 2503 329 2571 hoc
357 2525 482 2594 genere
520 2504 629 2575 Cist.
672 2504 735 2589 ll,
757 2482 827 2581 lll,
859 2505 926 2573 85:
963 2504 1025 2571 Ibo
1049 2503 1319 2592 domumatque

187 2614 237 2683 ad
260 2604 433 2704 parentes
460 2615 589 2685 reduco
618 2616 806 2685 Silenium.
843 2615 898 2687 Cf.
933 2617 1015 2685 Ter.
1047 2615 1190 2685 Andr.
1226 2616 1315 2704 594:

188 2729 251 2796 Ibo
275 2739 379 2820 atque
404 2731 579 2799 renuntio.
608 2732 810 2799 Eunuch.
839 2732 931 2821 493:
968 2730 1086 2799 Simul
1111 2728 1317 2819 imperabo:

183 2844 269 2933 post
284 2843 349 2912 huc
363 2844 528 2912 continuo
550 2867 646 2915 exeo.
667 2844 821 2934 Quibus
839 2844 1160 2934 lociscomparatis
1177 2843 1237 2911 Po
1249 2865 1267 2910 e
1279 2864 1315 2910 n.

191 2957 257 3044 343
275 2958 459 3027 lectionem
476 2949 638 3028 codicum
652 2960 736 3044 EI,
762 2958 1096 3051 quamcomprobat
1113 2956 1316 3046 Ussingius,

189 3092 260 3138 non
291 3071 377 3140 tanti
411 3073 579 3141 momenti
609 3096 684 3142 esse
713 3096 851 3157 censeo,
890 3091 929 3141 ut
969 3074 1167 3141 scribamus
1199 3069 1318 3155 ,redu-

188 3191 279 3250 cam‘
304 3200 427 3252 contra
452 3185 644 3253 lectionem,
663 3184 795 3255 codicis
819 3187 860 3255 B.
896 3186 937 3253 ln
954 3185 1008 3254 his
1023 3184 1120 3253 enim
1145 3182 1315 3274 exemplis

187 3317 228 3362 ex
256 3296 376 3366 futuro
403 3300 633 3388 praecedente
659 3299 745 3383 ,ibo‘
775 3298 893 3389 colligi
928 3317 1043 3390 potest
1076 3300 1181 3368 etiam
1216 3319 1320 3387 prae·

188 3431 271 3479 sens
295 3411 339 3478 ad
364 3409 525 3480 futurum
548 3429 689 3501 tempus
714 3435 789 3483 esse
814 3411 1052 3481 referendum.
1079 3413 1169 3481 Item
1193 3413 1316 3479 Truc.

188 3529 280 3615 418:
318 3526 386 3595 Ubi
410 3526 503 3595 illud
526 3548 611 3617 quae
634 3525 713 3595 volo
736 3526 866 3596 habebo
897 3527 942 3594 ab
974 3526 1050 3607 illo,
1077 3526 1195 3617 facile
1229 3525 1318 3594 inve·

188 3640 248 3708 nio
271 3639 443 3732 quomodo
467 3637 688 3708 discordiam
711 3650 746 3708 et
769 3639 968 3709 divortium
988 3641 1084 3708 inter
1103 3662 1165 3709 nos
1177 3660 1315 3730 parem.

190 3754 339 3826 Stich.
360 3754 451 3824 623:
472 3755 564 3822 Deos
580 3753 744 3829 salutabo
768 3754 892 3822 modo:
911 3764 1015 3845 poste
1037 3751 1087 3822 ad
1102 3765 1135 3822 te
1150 3751 1317 3821 continuo

189 3880 345 3938 transeo
391 3868 517 3938 Paullo
553 3867 655 3936 aliter
692 3886 743 3937 est
771 3867 862 3936 ratio
887 3867 1093 3960 praesentis,
1126 3868 1154 3935 si
1184 3868 1283 3957 prof
1307 3906 1317 3917 ·

189 4000 270 4050 turo
299 3982 335 4050 in
361 3981 698 4073 interrogationibtis
725 3983 958 4053 substitutum
983 3981 1116 4050 indicat
1136 3983 1318 4070 quandam

188 4095 466 4179 festinationem,
504 4097 551 4165 ita
583 4114 623 4165 ut
652 4120 709 4165 eas
741 4118 797 4165 res
828 4119 918 4186 quae
950 4118 986 4165 re
1016 4118 1099 4165 vera
1127 4096 1199 4164 sint
1227 4095 1316 4163 futu·
