3109 4584
618 205 863 279 ,37-

178 378 445 469 εοηεενὶρεὶ,“κΐ
466 377 580 445 scires·
600 376 726 445 curavi
747 377 879 445 omnia:
906 376 1035 445 Trin.
1068 375 1152 445 136:
1180 376 1302 444 incon·

178 490 340 560 ciliastin
369 509 446 559 eum
479 490 540 581 qui
569 488 775 557 mandatust
800 489 868 558 tibi
880 485 905 557 ‚⁹
927 488 998 558 Ille
1020 488 1082 579 qui
1104 487 1300 568 mandavit,

178 604 382 674 exturbasti
410 626 454 672 ex
483 602 819 672 aedibue?.‘Truc.·
851 603 947 673 2351:
970 604 1007 672 fs
1035 612 1181 671 amatur
1208 600 1303 692 apud

179 731 243 787 nos
266 719 328 810 qui
350 715 732 809 quidzded2·t:0b1itust
754 715 889 786 datum.
917 716 1034 787 Cist.
1062 717 1112 802 ΙΙ,
1138 716 1207 798 ΙΙΙ,
1233 718 1300 804 67:

180 833 451 903 medioxumam
485 853 587 924 qnam
623 830 731 899 duxit
765 853 929 914 uxorem,
969 852 1080 901 exea
1108 840 1228 922 gnata
1253 839 1305 899 est

178 948 261 1017 haec
292 947 410 1038 virgo.
444 945 536 1014 Illud
566 962 684 1014 autem
717 945 887 1014 omnibus
913 945 978 1014 his
1000 945 1191 1013 enuntiatis
1215 945 1303 1013 rela-

180 1059 262 1129 tivis
293 1082 483 1129 commune
507 1076 558 1127 est
582 1059 677 1148 quod
703 1059 801 1127 nullo
826 1058 896 1127 alio
920 1080 1070 1127 munere
1093 1058 1301 1151 funguntur,

179 1173 247 1242 nisi
279 1189 318 1241 ut
346 1172 555 1241 substantivi
587 1172 641 1240 vel
674 1171 837 1240 adiectivi
859 1171 1098 1261 vicesagant.
1130 1170 1188 1239 Ad
1212 1193 1302 1260 quae

179 1309 261 1355 cum
284 1287 401 1355 minus
426 1287 514 1355 ratio
540 1285 731 1376 relatioque
756 1285 1103 1377 plusquamperfecto
1128 1306 1302 1374 expressa,

179 1422 270 1492 quae
309 1400 428 1490 potius
452 1399 564 1471 uerbi
602 1417 654 1468 est
691 1399 848 1490 propria,
889 1399 1074 1490 pertineat,
1105 1400 1303 1489 'perfectum

81 1496 91 1547 ,7
178 1537 340 1607 prorsusr
366 1514 510 1583 suflicit:
541 1514 695 1584 Accedit
730 1513 767 1582 in
801 1514 969 1583 omnibus
1000 1531 1137 1603 praeter
1167 1513 1301 1581 Most.

181 1628 248 1697 313
265 1616 312 1696 'et
335 1628 456 1697 Trin.
489 1628 552 1695 136
577 1649 616 1695 ea
641 1626 785 1717 perfecti
810 1649 915 1695 causa
939 1628 1037 1717 quod
1064 1627 1099 1695 in
1124 1627 1304 1696 enuntiato

179 1741 350 1833 primario
387 1756 498 1808 exstat
526 1739 720 1830 perfectum
752 1740 918 1831 logicum,
961 1741 1057 1830 quod
1091 1740 1134 1808 ad
1164 1743 1304 1830 tempus

180 1877 346 1945 praesens
379 1854 491 1944 plane
513 1853 697 1943 pertineat.
738 1869 740 1875 ·

267 1967 491 2060 Adiungatur
518 1967 584 2036 hoc
613 1967 689 2036 loco
714 1967 937 2036 enuntiatum
961 1969 1243 2060 comparativum
1269 1968 1304 2036 in

178 2104 251 2172 quo
289 2081 532 2173 imperfectum
576 2102 641 2170 pro
684 2080 1029 2173 plusquamperfecto
1073 2082 1304 2151 substitutum

177 2198 332 2266 videtur
355 2188 497 2265 Merc(
518 2197 604 2264 2165
641 2196 736 2288 Quin
769 2196 912 2288 quicque
942 2208 982 2265 ut
1016 2197 1185 2278 dicebam,
1217 2197 1306 2266 milti

101 2376 104 2381 ,
176 2310 342 2381 credebat
348 2333 362 2396 ;
386 2312 564 2402 praecedit
581 2312 677 2381 enim
695 2312 837 2397 ‚dicere‘
864 2312 1081 2394 ‚credendo⁶.
1109 2311 1178 2383 Sed
1200 2315 1306 2381 causa

177 2426 370 2518 imperfecti
401 2426 626 2516 intellegitur,
657 2426 686 2494 si
715 2449 806 2516 quae
834 2442 918 2495 sunt
948 2426 992 2494 de
1022 2425 1140 2494 verbis
1163 2426 1303 2494 dicendi

178 2563 213 2629 p.
253 2526 312 2647 l8t
347 2563 399 2631 sq.
435 2540 591 2631 exposita
619 2540 792 2609 conferas,

638 2867 747 2938 CAP.
775 2867 843 2938 ΙΙΙ.

615 3136 669 3219 De
699 3130 871 3220 Futurls.

268 3337 353 3427 Quo
384 3339 523 3429 longius
554 3346 667 3430 usque
697 3341 742 3409 ad
771 3341 967 3431 primordia
1000 3341 1147 3432 linguae
1178 3342 1305 3410 latinae

176 3452 388 3536 recedimus⁹
429 3476 470 3522 eo
513 3455 627 3548 magis
669 3455 830 3527 futurum
872 3469 986 3548 neque
1034 3457 1148 3546 specie
1192 3444 1305 3547 neque

175 3582 243 3634 usu
267 3566 321 3634 sui
347 3590 422 3636 esse
455 3569 553 3654 iuris,
585 3570 646 3638 sed
670 3593 713 3639 ex
736 3571 814 3640 aliis
838 3572 936 3641 verbi
966 3574 1089 3642 formis
1113 3595 1188 3641 esse
1211 3573 1305 3642 deri·

176 3698 299 3750 vatum
316 3682 558 3773 artissimeque
573 3707 787 3774 suspensum
804 3687 955 3778 perspici
974 3689 1066 3756 licet.
1093 3689 1172 3757 Hae
1186 3704 1305 3756 autem

175 3814 258 3865 sunt
289 3818 454 3887 praesens
481 3815 622 3890 tempus
651 3798 718 3883 vel,
753 3801 850 3890 quod
881 3788 925 3870 ad
959 3800 1124 3870 futurum
1147 3818 1306 3870 exactum

176 3909 339 4000 pertinet,
373 3910 579 4000 perfectum,
611 3929 714 4002 atque
746 3913 874 3982 modus
898 3914 1159 3984 coniunctivus.
1187 3919 1306 4005 Atque

176 4045 261 4090 usus
285 4023 431 4114 quidem
446 4025 608 4114 cognatio
625 4049 708 4095 sane
733 4028 921 4117 repetenda
951 4030 1142 4097 maximam
1170 4046 1303 4118 partem

174 4159 216 4204 ex
245 4137 475 4207 similitudine
505 4139 699 4208 formarum
735 4160 808 4209 est:
844 4165 933 4232 quae
977 4144 1160 4233 quomodo
1184 4143 1306 4212 fierent
