3109 4584
676 196 913 270 ..72-

222 361 433 453 perdiderit
468 364 587 434 simul.
631 366 766 437 Deinde
814 390 905 458 quae
942 385 1121 458 praeterea
1160 368 1204 436 ad
1243 366 1352 435 futuri

229 475 337 544 exacti
364 498 470 545 usum
500 477 703 547 absolutum
729 480 907 572 pertinent
940 480 1098 550 invenies
1132 480 1227 571 apud
1253 480 1354 548 Mad·

230 587 366 677 vigium
395 603 464 681 (op.
497 591 594 660 acad.
627 591 662 660 11
691 617 711 660 a
743 615 779 684 p.
815 592 875 682 83)
905 592 1072 684 exposita.

320 701 396 770 lam
430 725 541 793 pauca
578 704 681 773 nobis
707 704 859 775 dicenda
889 723 971 774 sunt
1002 707 1045 775 de
1077 704 1186 775 futuri
1216 706 1252 775 ll
1286 729 1353 774 usu

229 817 396 887 relativo:
427 818 490 909 qui
519 819 549 886 si
581 835 633 887 est
664 820 884 900 statuendus,
914 819 1033 889 futuro
1065 820 1099 890 11
1134 820 1269 912 aliquid
1302 820 1356 889 in·

231 930 369 1000 dicatur
411 932 509 1023 quod
550 949 630 1001 ante
673 932 779 1002 aliam
821 933 996 1003 actionem
1040 932 1160 1003 futuro
1199 951 1358 1024 tempore

230 1044 275 1112 sit
306 1043 522 1113 absolutum.
555 1046 672 1136 Atque
701 1046 786 1115 haec
816 1064 869 1116 est
896 1046 1093 1139 proprietas
1117 1046 1357 1128 comicorum,

232 1177 271 1228 ut
295 1159 501 1251 saepissime
529 1160 594 1230 hoc
627 1160 735 1230 futuri
764 1182 876 1252 genus
906 1178 1079 1253 usurpent
1104 1161 1139 1229 in
1165 1159 1358 1230 enuntiatis

233 1271 431 1365 primariis:
465 1273 560 1361 quod
592 1274 705 1342 multo
739 1274 852 1342 rarius
881 1274 918 1342 fit
942 1274 1036 1365 apud
1061 1273 1251 1363 scriptores
1275 1273 1357 1341 clas·

233 1385 334 1455 sicos.
390 1384 509 1456 Causa
555 1404 673 1457 autem
714 1388 797 1457 inde
835 1406 887 1456 est
925 1387 1089 1479 petenda,
1129 1388 1225 1478 quod
1265 1386 1359 1477 apud

235 1500 402 1569 Plautum
471 1501 726 1571 sententiarum
793 1523 946 1570 conexus
1015 1523 1118 1591 saepe
1177 1499 1361 1569 intercedit

235 1613 372 1681 medius
406 1614 508 1703 quasi
550 1615 640 1684 inter
673 1615 868 1706 parataxim
903 1631 937 1685 et
971 1613 1190 1706 hypotaxim.
1237 1613 1360 1702 ltaque

234 1727 416 1796 enuntiata
436 1729 470 1797 in
497 1729 631 1820 quibus
657 1730 843 1799 exhibetur
857 1729 1018 1798 futurum
1034 1745 1207 1811 exactum,
1231 1728 1274 1796 ad
1294 1728 1362 1795 alia

235 1864 326 1932 quae
356 1842 521 1912 exhibent
550 1843 711 1912 futurum
747 1844 762 1913 1
792 1866 871 1913 eam
905 1842 1034 1913 habent
1070 1841 1291 1924 relationem,
1323 1859 1361 1909 ut

236 1957 272 2025 in
314 1955 383 2024 illis
423 1957 645 2049 praecederet
682 1956 852 2048 particula
892 1955 1116 2025 subiunctiva
1155 1955 1189 2022 in
1234 1975 1357 2023 eorum

236 2070 449 2160 scriptorum
476 2091 601 2162 genere
625 2069 778 2150 dicendi,
810 2070 903 2160 apud
928 2092 1018 2160 quos
1042 2070 1134 2138 valet
1158 2067 1366 2138 coniunctio¹

236 2185 503 2255 enuntiatorum
536 2184 656 2254 artior.
696 2184 766 2258 Sed
798 2185 956 2276 exempla
988 2185 1064 2276 ipsa
1094 2183 1382 2253 examinemus:›

236 2299 394 2392 Amph.
444 2322 551 2368 rooo:
597 2300 713 2391 Atque
750 2299 837 2368 illuc
864 2320 1007 2368 sursum
1036 2297 1243 2367 escendere:
1270 2296 1364 2365 inde

238 2413 369 2504 optime
404 2412 573 2504 aspellam
611 2418 670 2497 (=
694 2424 883 2505 postquam
920 2411 1121 2491 ascendero,
1160 2409 1360 2502 aspellam).

239 2525 371 2617 Epid.
400 2527 488 2594 515:
517 2526 674 2595 Abiero:
689 2526 847 2618 flagitio
870 2547 946 2594 cum
972 2523 1108 2594 maiore
1127 2534 1212 2614 post
1238 2521 1363 2591 reddes

239 2652 366 2710 tamen.
398 2639 525 2717 Trin.
559 2664 670 2727 1007:
701 2642 816 2710 Lubet
838 2641 1027 2709 observare
1049 2638 1137 2731 quid
1161 2648 1274 2729 agat:
1300 2638 1365 2706 ltuc

239 2776 450 2825 concessero.
484 2753 604 2823 lbid.
644 2756 735 2824 625:
776 2755 860 2824 Huc
894 2754 1116 2845 aliquantum
1144 2753 1365 2821 abscessero:

241 2878 294 2938 est
322 2866 445 2937 lubido
474 2868 671 2937 orationem
703 2866 833 2938 audire
863 2867 1015 2937 duorum
1039 2865 1198 2958 affinium
1230 2871 1251 2949 (
1250 2876 1367 2933 :est

242 2982 364 3051 lubido
392 2980 521 3050 audire
544 2992 732 3074 postquam
761 2984 989 3067 abscessero).
1024 2981 1112 3050 Mil.
1139 2980 1248 3070 glor.
1274 2979 1364 3066 448:

244 3095 399 3186 Quiesce,
419 3095 574 3186 inquam,
592 3095 706 3163 istanc
721 3117 795 3163 rem
813 3117 878 3186 ego
895 3105 988 3163 recte
1000 3093 1129 3162 m‘dero.
1142 3098 1201 3178 (=
1219 3092 1365 3184 quiesce,

242 3208 325 3278 dum
349 3205 503 3293 videro).
532 3209 665 3277 Most.
697 3208 806 3298 1173:
841 3208 895 3278 Tu
917 3208 1051 3298 quiesce
1067 3207 1155 3276 banc
1176 3228 1249 3274 rem
1265 3203 1368 3273 modo

236 3332 378 3414 petere:
396 3344 471 3415 ego
504 3321 605 3390 illum
639 3333 679 3390 nt
705 3321 756 3390 sit
780 3322 930 3414 quietus,
956 3321 1161 3390 verberibus
1183 3320 1366 3410 subegere.

242 3434 341 3505 Aul.
368 3435 461 3505 665:
489 3434 602 3503 Senex
625 3455 738 3505 eccum
763 3445 880 3504 autem
904 3436 1016 3526 ecfert
1029 3435 1166 3527 foras:
1191 3433 1370 3523 tantisper

244 3550 310 3618 lmc
334 3571 400 3640 ego
427 3546 475 3618 ad
503 3549 647 3618 ianuam
679 3559 879 3617 concessero
903 3554 962 3632 (=
988 3548 1072 3618 dum
1096 3548 1220 3641 ecfert,
1252 3564 1368 3613 conce·

244 3660 358 3748 dam).
405 3663 540 3731 Futuro
574 3661 609 3731 11
645 3661 751 3752 igitur
789 3661 963 3732 indicatur
997 3663 1113 3746 acti0,.
1144 3683 1234 3752 quae
1264 3659 1367 3749 plane

246 3775 281 3844 in
311 3775 405 3845 idem
436 3775 605 3865 temporis
638 3776 794 3866 spatium
819 3776 954 3845 incidat
983 3794 1087 3866 atque
1118 3776 1244 3844 altera:
1277 3794 1368 3862 quae

245 3890 336 3959 ratio
376 3889 584 3980 temporalis
623 3907 664 3958 ut
698 3891 804 3980 plene
842 3891 1072 3981 exprimatur,
1109 3889 1138 3957 si
1175 3883 1367 3978 parataxim

247 4003 414 4072 adhibere
439 4002 540 4086 velis,
569 4026 709 4072 necesse
733 4021 785 4073 est
808 4004 969 4074 fututum
992 4021 1152 4074 exactum
1175 3999 1282 4092 poni3
1307 3997 1369 4066 ad·

249 4115 360 4183 hibita
376 4115 543 4205 hypotaxi
561 4116 732 4186 sufficeret
746 4118 905 4186 futurum
930 4119 1099 4210 primum.
1128 4119 1255 4188 Most.
1282 4114 1367 4182 686:
