3109 4584
701 167 937 242 ...68-

257 340 381 408 Trin.
424 340 522 429 897:
580 339 637 407 lta
677 348 717 407 ut
758 339 886 429 accepi,
921 338 955 407 si
991 339 1147 409 animum
1190 339 1376 423 advortas

255 454 382 524 dicam.
421 454 533 524 Rud.
570 475 682 524 1020:
729 454 888 545 Numqui
918 453 1046 536 minus,
1077 455 1111 523 si
1138 454 1257 524 veniat
1287 478 1378 523 nanc

255 568 419 639 dominus
455 568 609 660 quoiast,
643 590 708 662 ego
746 569 807 661 qui
843 568 1036 659 inspectavi
1066 569 1196 658 procul
1227 580 1261 638 te
1289 570 1378 651 ltune

254 682 486 774 labere,fur
514 702 590 751 sum
621 682 737 750 minus
764 704 868 773 quam
898 681 969 750 ta?
1008 682 1063 752 Cf,
1095 682 1198 750 Ter.
1234 685 1373 753 Andr.

257 795 349 886 637:
381 796 424 865 Si
455 817 573 887 roges,
604 795 696 865 nihil
723 795 858 888 pudent
892 797 960 865 liic.
1231 871 1234 877 ¹

345 910 510 981 Continet
539 910 644 1001 igitur
667 912 818 1003 protasis
841 911 975 1001 aliquid
1001 910 1097 999 quod
1115 932 1190 978 esse
1215 910 1374 981 futurum

255 1040 481 1114 exspectatur.
513 1027 630 1114 Atque
650 1046 759 1114 quam
784 1025 943 1115 proxime
968 1024 1059 1092 inter
1082 1046 1118 1091 se
1143 1023 1259 1092 absint
1280 1025 1375 1095 futu·

256 1157 335 1229 rum
356 1152 389 1204 et
414 1136 672 1227 coniunctivus,
691 1158 840 1213 creare
859 1137 1012 1227 intellegi
1032 1153 1158 1227 potest,
1174 1138 1271 1226 quod
1289 1138 1374 1206 locis

255 1249 446 1325 simillimis
479 1250 690 1319 indicativus
720 1251 1077 1331 futuriexhibeatur.
1110 1255 1180 1320 As.
1215 1275 1300 1343 109:
1332 1253 1376 1321 Si

254 1362 340 1453 quid
369 1372 402 1431 te
425 1362 553 1445 volam,
587 1362 648 1431 ubi
675 1364 774 1432 eris?
803 1364 859 1433 Ad
891 1385 998 1453 quem
1022 1386 1165 1431 versum
1190 1365 1239 1432 sic
1264 1367 1373 1451 adno-

254 1478 339 1545 tavit
371 1478 524 1559 Nonius,
544 1501 579 1568 p.
610 1479 694 1568 478,
729 1480 793 1547 26:
832 1479 948 1547 volam
979 1501 1049 1570 pro
1087 1480 1202 1549 velim.
1245 1481 1370 1572 Capt.

256 1612 343 1681 209:
370 1592 482 1660 lmmo
506 1591 627 1682 edepol
645 1593 679 1677 si
702 1594 775 1661 erit
790 1594 938 1674 oceasi0,
956 1592 1049 1660 haud
1072 1593 1255 1677 dehortor.
1283 1597 1369 1665 Mil.

255 1706 365 1796 glor.
398 1730 461 1797 79:
500 1707 599 1775 Mili
628 1706 675 1774 ad
700 1706 942 1775 enarrandum
971 1707 1034 1775 lioc
1064 1718 1115 1775 est
1144 1709 1303 1793 comitas,
1338 1712 1374 1780 si

253 1818 301 1887 ad
337 1819 607 1889 auscultandum
652 1831 776 1889 vostra
816 1821 889 1889 erit
932 1821 1145 1912 benignitas
1200 1824 1372 1892 Praesens

254 1951 385 2018 autem,
417 1933 454 2001 1d
485 1935 580 2024 quod
610 1934 687 2003 fieri
716 1957 819 2024 posse
842 1933 1013 2019 vidimus,
1038 1957 1102 2024 pro
1132 1934 1251 2005 futuro
1278 1938 1374 2008 inve·

253 2048 367 2115 nitur:
402 2049 538 2116 Poen.
571 2071 633 2138 79:
664 2047 844 2117 Revertor
874 2071 1003 2117 rursus
1029 2050 1142 2137 denuo
1173 2051 1369 2144 Carthagi-

254 2181 340 2241 nem,
366 2157 502 2250 siquid
526 2158 695 2227 mandare
716 2142 825 2228 voltis
848 2170 911 2228 aut
932 2161 1110 2229 curarier.
1140 2163 1259 2249 Ibid.
1279 2167 1367 2254 915:

252 2271 373 2339 Proba
411 2272 579 2349 materies
612 2273 746 2356 datast,
788 2273 822 2342 si
847 2275 1000 2364 probum
1034 2274 1178 2345 adhibes
1203 2276 1367 2367 fabrum.

254 2386 359 2453 Recte
402 2386 540 2456 Blasius
579 2386 739 2455 futurum
778 2411 798 2456 a
831 2389 962 2478 Pylade
1009 2389 1208 2458 coniectum
1254 2392 1373 2479 reiecit

251 2500 471 2590 restituitque
502 2524 680 2591 praesenS,
712 2525 753 2570 eo
778 2521 987 2593 argumento
1012 2503 1111 2572 nisus
1138 2508 1233 2595 quod
1258 2529 1292 2597 p,
1329 2511 1369 2578 18

251 2615 380 2701 attulit,
406 2616 442 2683 in
465 2639 555 2684 vers.
573 2617 630 2685 Mi
644 2618 666 2685 1.
692 2618 809 2707 glor.
827 2619 918 2706 480÷
949 2618 1051 2688 Erus
1071 2620 1106 2687 si
1121 2622 1240 2690 ¹ueniet
1261 2622 1296 2690 si
1317 2646 1370 2692 me

249 2729 404 2820 quaerit,
440 2730 497 2799 ltie
526 2752 599 2799 eru.
649 2734 768 2821 Atque
812 2754 893 2799 cum
927 2721 982 2800 his
1021 2733 1107 2801 locis
1145 2736 1368 2817 enuntiatum

249 2843 482 2933 primarium
503 2868 575 2913 non
624 2846 789 2936 proprie>
819 2847 985 2936 apodosis
1025 2849 1195 2916 enuntiati
1243 2873 1368 2919 secun-

249 2958 338 3025 darii
370 2958 537 3047 appellari
572 2959 694 3048 possit,
734 2977 850 3026 tamen
886 2983 975 3048 quae
1010 2984 1090 3030 vera
1120 2962 1164 3029 sit
1202 2965 1367 3054 apodosis

248 3070 346 3139 facile
376 3071 564 3140 invenitur.
599 3072 713 3156 Sicut,
746 3089 785 3140 ut
812 3094 883 3142 uno
912 3076 1074 3164 exemplo
1096 3097 1161 3143 nos
1185 3078 1366 3145 continea-

249 3209 341 3271 mus,
386 3210 489 3255 versu
531 3189 676 3257 Poen.
722 3213 765 3280 79
810 3190 916 3258 verba
943 3190 995 3273 usic
1034 3207 1115 3258 sunt
1146 3194 1375 3283 supplendae

247 3300 426 3367 Revortor
459 3324 587 3369 rursus
621 3302 733 3371 denuo
766 3303 1041 3394 Carthaginem,
1076 3315 1180 3394 atque
1215 3306 1249 3373 si
1281 3305 1367 3396 quid

247 3413 417 3482 mandare
443 3415 563 3497 voltis,
595 3418 736 3485 carabo.
784 3419 845 3486 Est
877 3417 983 3508 igitur
1010 3420 1187 3508 quaedam
1212 3419 1364 3505 brevitas

246 3528 384 3596 dicendi
416 3532 651 3618 agnoscenda,
683 3554 773 3619 quae
803 3532 847 3599 sit
876 3533 1050 3600 sermonis
1081 3532 1260 3600 cotidiani.

336 3640 571 3729 Quinetiam
604 3641 688 3710 haec
718 3644 820 3730 ratio,
846 3667 937 3734 quae
959 3646 1111 3715 maxime
1128 3647 1241 3715 aliena
1268 3665 1364 3731 esta

245 3754 407 3845 genuinis
447 3756 711 3825 enuntiatorum
744 3758 1065 3843 conditionalibus,
1098 3762 1294 3846 usuvenit
1327 3781 1365 3829 ut

244 3868 421 3937 enuntiata
457 3871 626 3960 particula
661 3873 732 3956 ,si‘
764 3873 929 3965 insignita
960 3898 1024 3965 pro
1056 3878 1266 3945 concessivis
1295 3878 1365 3946 sint

245 3981 415 4067 habenda.
471 3985 590 4073 Atque
626 3985 843 4055 etiamtum
879 4012 898 4056 a
934 3990 1061 4057 Plauto
1100 3990 1240 4081 saepius
1279 4015 1363 4069 con-

244 4090 420 4175 iunctivus
462 4092 609 4161 eandem
645 4097 716 4164 fere
759 4099 831 4166 vim
873 4100 977 4168 habet
1015 4120 1118 4191 atque
1153 4103 1364 4173 indicativus
