3109 4584
606 190 852 262 ..17-

156 359 393 429 similationis‘
416 382 559 430 eausam
595 362 703 431 statui
724 385 827 452 posse
858 364 978 448 credo,
1008 366 1105 453 quod
1137 365 1174 434 in
1212 365 1285 440 ala-

156 475 269 543 criore
304 474 443 544 dicendi
481 484 606 567 genere
647 462 882 546 enuntiatum
908 475 1052 568 aliquod
1099 478 1200 548 facile
1242 481 1285 547 ad

156 586 431 655 similitudinem
463 576 538 657 eius
571 590 667 680 quod
691 607 756 658 est
788 590 991 680 proximum
1030 591 1282 661 conformatur.

157 702 210 772 Ex
238 723 310 792 quo
340 703 501 793 exemplo
532 704 567 771 in
596 705 803 773 universum
833 704 981 774 iudicari
1009 723 1124 797 potest
1157 709 1285 796 quanti

156 815 202 883 sit
224 816 397 886 momenti
424 816 468 885 de
499 817 696 887 rationibus
725 817 847 908 quaeri
874 841 964 908 quae
993 835 1077 888 sunt
1099 816 1279 889 subiectae

155 913 352 1019 unicuique
391 930 517 1017 generi
556 931 716 1017 dicendi,
752 954 837 1000 nam
862 955 985 1023 -saepe,
1031 946 1122 1023 quae
1152 935 1280 1003 eadem

154 1044 331 1128 videntur,
369 1048 415 1112 'ex
446 1045 543 1114 vatia
580 1046 716 1115 ratione
752 1065 956 1116 nascuntur.
997 1051 1115 1139 Atque
1143 1049 1179 1118 in
1210 1049 1282 1117 illis

153 1180 245 1249 quae
270 1181 378 1249 supra
397 1159 497 1228 attuli
522 1160 692 1250 exemplis
711 1161 886 1229 Plautinis
909 1162 963 1230 lex
983 1163 1199 1232 attractionis
1221 1164 1282 1232 ob·

155 1289 326 1355 servatur,
344 1295 550 1362 quanquam
564 1274 745 1342 enuntiata
762 1275 989 1365 grammatica
1007 1276 1142 1345 ratione
1157 1277 1281 1349 minus

155 1403 301 1477 anguste
333 1403 416 1454 sunt
446 1387 652 1472 coniuncta,
683 1388 743 1456 sed
777 1410 887 1478 quam
918 1389 985 1457 late
1017 1409 1165 1481 vagetur
1194 1414 1280 1459 usus

156 1499 356 1582 Plautinus,
389 1500 532 1568 duobus
563 1500 652 1568 mihi
682 1501 838 1570 maxime
862 1502 1035 1592 exemplis
1059 1504 1159 1595 argui
1184 1505 1277 1573 vide-

155 1631 225 1681 tur.
262 1614 377 1682 Men.
411 1638 474 1703 77:
511 1614 678 1683 Iuventus
696 1615 794 1706 fecit
824 1637 945 1684 nomen
973 1615 1145 1686 Peniculo
1177 1619 1278 1701 mihi,

157 1727 235 1796 ideo
250 1727 339 1818 quia
361 1749 527 1811 mensam,
552 1726 691 1818 quando
714 1727 791 1811 ede,
822 1727 989 1820 detergeo
1014 1730 1167 1817 (relative
1191 1751 1282 1802 esset

155 1842 311 1910 dictum:
354 1841 438 1931 quia
474 1841 619 1932 quando
656 1842 819 1926 edebam,
852 1843 1103 1932 detergebam).
1146 1847 1278 1914 Most.

155 1974 245 2042 499:
273 1953 367 2021 Nam
390 1974 442 2020 me
465 1952 699 2021 Acheruntem
727 1953 882 2043 recipere
906 1955 1020 2023 Orcus
1041 1957 1169 2054 noluit,
1197 1960 1280 2050 quia

153 2075 385 2154 praemature
416 2066 491 2132 uita
517 2087 621 2134 careo
645 2064 818 2152 (relativez
851 2066 1039 2156 carebam).
1074 2068 1218 2157 Quibus
1245 2071 1279 2138 in

157 2178 327 2269 exemplis
357 2201 400 2247 ne
432 2179 497 2246 hac
525 2178 671 2269 quidem
700 2178 743 2247 de
775 2200 879 2246 causa
909 2178 1026 2247 effecta
1056 2197 1109 2251 est
1143 2182 1280 2268 relati0,

156 2294 253 2382 quod
288 2293 440 2361 alterum
472 2293 694 2362 enuntiatum
718 2293 819 2361 alteri
843 2310 896 2361 est
920 2293 1151 2363 subiunctum
1177 2313 1280 2385 atque

154 2405 190 2474 id
221 2406 367 2496 quidem
400 2405 570 2496 particula
598 2406 742 2490 causali,
773 2406 835 2475 ubi
866 2406 1033 2490 maxime,
1068 2428 1150 2474 cum
1175 2429 1279 2477 causa

155 2536 370 2608 eventusque
407 2518 579 2587 artissime
609 2518 711 2587 ⁴inter
748 2540 784 2586 se
827 2520 1057 2604 cohaereant,
1103 2538 1278 2611 exspecta-

153 2633 247 2702 veris
280 2633 451 2723 temporis
482 2633 701 2702 relationem.

244 2746 359 2814 Venio
393 2768 485 2814 nunc
515 2748 558 2814 ad
590 2746 785 2837 imperfecti
814 2747 849 2814 in
883 2746 1073 2816 enuntiatis
1107 2749 1278 2817 secunda·

154 2859 216 2928 riis
251 2879 371 2944 usum,
406 2857 441 2925 in
472 2858 603 2948 quibus
635 2881 708 2927 non
742 2858 855 2944 aliter,
886 2859 914 2926 si
939 2858 1088 2949 quidem
1112 2877 1278 2928 naturam

155 2964 385 3062 indolemque
417 2973 621 3061 respexeris,
661 2972 849 3041 adhibetur
877 2995 987 3062 quam
1019 2973 1055 3041 in
1088 2973 1280 3042 enuntiatis

155 3087 345 3178 primariis.
376 3088 496 3176 Atque
520 3086 677 3176 primum
701 3088 861 3177 quidem,
887 3111 969 3156 cum
985 3088 1087 3157 nobis
1103 3089 1280 3178 quaedam

156 3203 199 3270 de
230 3201 420 3271 enuntiatis
451 3202 715 3292 temporalibus
736 3203 913 3271 afferenda
938 3203 1020 3288 sint,
1052 3202 1124 3271 iam
1149 3203 1208 3272 alii
1237 3205 1280 3271 de

155 3315 220 3382 hac
244 3335 281 3383 re
305 3314 483 3404 copiosius
506 3314 760 3384 disseruerunt.
795 3317 847 3385 Ex
870 3316 1001 3406 quibus
1033 3316 1185 3386 maxime
1216 3340 1275 3385 no·

157 3424 253 3495 mino
291 3427 550 3514 Luebbertum,
587 3428 687 3497 cuius
720 3429 853 3498 librum
881 3428 952 3497 iam
982 3452 1089 3521 supra
1121 3430 1278 3508 laudavi,

155 3539 283 3610 deinde
327 3542 538 3632 Langium,l
577 3542 730 3632 denique
765 3542 1039 3615 Schubertum.²
1085 3546 1133 3612 At
1163 3560 1280 3612 tamen

155 3654 378 3745 spicilegium
416 3655 617 3725 faciendum
656 3679 731 3727 esse
770 3674 878 3747 putot
917 3675 999 3726 sunt
1045 3657 1142 3727 enim
1189 3679 1279 3748 quae

225 3881 238 3925 1
252 3883 296 3939 De
311 3882 529 3941 sententiarum
543 3884 754 3958 temporalium
766 3885 847 3959 apud
861 3884 976 3959 priscos
990 3883 1152 3959 scriptores
1165 3886 1279 3945 latinos

156 3963 284 4037 syntaxi.
299 3964 493 4036 Vratislaviae
510 3967 593 4042 1878.

157 4141 192 4201 L.
225 4061 334 4202 ²Zu8np
371 4062 529 4120 Gebrauch
560 4063 614 4120 der
646 4062 1050 4140 Temporalconjunctionen
1079 4063 1127 4120 bei
1155 4065 1280 4123 Plautus

184 4160 289 4202 tssaer
339 4165 362 4202 1.
407 4156 408 4159 ’

1123 4246 1137 4300 3
