3109 4584
727 164 973 240 ..25-

281 353 484 407 traversus
510 334 660 406 Bacch.
694 359 783 428 149:
818 335 927 407 Video
954 336 1067 406 nimio
1100 336 1172 407 iam
1197 336 1308 406 multo
1326 336 1412 428 plus

280 469 388 541 quam
411 447 593 517 volueram
616 467 699 516 cum
723 447 803 517 aliis
827 448 872 518 de
894 448 1010 517 causis
1028 466 1147 519 movet
1169 448 1410 539 suspicionem

284 578 361 630 tum
373 560 505 630 ideirco
514 561 611 652 quod
623 560 1011 651 plusquamperfectum
1027 577 1091 630 eta
1106 562 1361 632 consuetudine
1378 580 1413 630 et

281 698 305 745 a
322 675 456 746 ratione
471 676 650 746 abhorret.
678 673 830 779 Summo
845 675 953 766 igitur
967 675 1044 747 iure
1061 698 1081 745 a
1100 675 1295 746 Ritschelio
1308 678 1410 747 uncis

282 789 445 858 inclusus
470 805 533 858 est.
559 789 672 858 Aliter
703 810 760 858 res
789 810 828 858 se
857 789 962 859 habet
985 790 1058 857 As.
1087 810 1181 858 211:
1219 788 1323 881 Quod
1345 810 1411 882 ego

283 903 470 984 iusseram,
495 900 588 994 quod
609 901 805 983 volueram,
824 899 868 970 de
884 900 1066 971 industria
1080 903 1300 994 faciebatis:
1317 903 1412 996 quod

281 1013 442 1083 nolebam
475 1035 517 1083 ac
547 1023 747 1099 vomerum,
770 1012 991 1105 fugiebatis.
1038 1015 1118 1084 Hoc
1153 1014 1300 1105 quidem
1334 1003 1431 1094 loeo

284 1128 496 1210 ,volueram‘
526 1144 577 1197 est
608 1127 822 1220 legitimum,
856 1149 940 1196 cum
971 1129 1015 1198 de
1039 1151 1076 1197 re
1108 1130 1295 1221 praeterita
1328 1150 1411 1221 aga·

283 1257 365 1326 tur3
405 1242 466 1310 sed
500 1241 708 1328 ‚nolebam‘‚
741 1262 960 1333 quamquam
1000 1242 1138 1312 ratione
1172 1242 1314 1314 defendi
1345 1265 1411 1335 po-

281 1371 363 1440 test,
399 1371 517 1423 tamen
548 1371 723 1447 repugnat
752 1353 1016 1424 consuetudini.
1044 1354 1191 1424 Accedit
1222 1354 1320 1446 quod
1351 1356 1411 1425 alii

281 1468 363 1539 aliis
393 1469 439 1536 de
472 1470 587 1538 causis
623 1468 718 1537 hune
750 1488 894 1538 versum
927 1490 1003 1538 esse
1035 1469 1199 1559 spurium
1236 1473 1407 1539 censent.¹

286 1583 385 1653 Haec
409 1582 518 1672 igitur
539 1582 696 1672 suspicio
719 1582 762 1652 iis
785 1582 984 1652 rationibus
1006 1605 1096 1673 quae
1119 1582 1265 1675 exposui
1281 1582 1410 1653 confir·

285 1714 414 1765 matur.
435 1697 559 1766 Unum
574 1713 680 1765 restat
696 1695 803 1766 huius
819 1696 958 1786 generis
973 1697 1177 1787 exemplum
1189 1697 1286 1789 quod
1305 1716 1411 1766 accu-

282 1809 396 1878 ratius
414 1809 700 1899 pertractandutn
718 1826 821 1899 pum,
846 1809 974 1900 legitur
994 1826 1111 1878 autem
1137 1811 1274 1880 Poen.
1307 1809 1407 1878 1230.

283 1924 356 1995 Alii
379 1922 450 1993 alia
473 1923 589 1992 moliti
614 1925 764 1993 suntad
789 1925 921 1993 menda
943 1945 1034 2014 quae
1050 1923 1125 1992 sine
1145 1924 1258 1993 dubio
1282 1925 1318 1993 in
1344 1927 1411 1992 hoc

284 2060 389 2108 versu
405 2037 614 2107 delitescunt
628 2039 804 2124 tollenda3
821 2060 935 2129 neque
952 2056 1070 2107 tamen
1082 2059 1157 2107 rem
1168 2036 1408 2108 absolverunt.

284 2153 410 2244 Quare
429 2173 511 2222 cum
527 2153 682 2222 dubitari
699 2153 813 2244 possit
831 2155 1059 2223 vehementer
1079 2154 1124 2222 de
1142 2172 1223 2223 vera
1246 2151 1407 2233 lectione,

281 2285 402 2338 tamen
420 2266 508 2336 mihi
526 2265 626 2336 liceat
640 2287 842 2359 proponere
858 2267 961 2353 hanc,
987 2288 1077 2357 quae
1101 2265 1262 2356 proxime
1278 2264 1410 2334 accedit

283 2381 330 2451 ad
364 2380 483 2450 Bothii
510 2379 718 2450 lectionem:
759 2383 792 2450 A
801 2402 867 2472 ga
899 2378 996 2449 Illud
1030 2378 1123 2473 quod
1151 2377 1260 2448 uolui.
1299 2375 1409 2445 Ad..·

285 2494 383 2564 Dice.
418 2496 528 2585 Ag..·
553 2494 665 2562 Immo
696 2493 812 2564 hercle
839 2492 925 2561 dixi
953 2491 1047 2586 quod
1077 2491 1245 2561 volebam.
1272 2492 1409 2559 Locum

284 2624 403 2679 autem
428 2607 733 2698 interpretandum
756 2628 832 2675 esse
858 2605 925 2674 hoc
949 2605 1058 2674 modo
1072 2605 1235 2674 arbitror.
1253 2609 1410 2695 Agoras-

282 2722 392 2791 tocles
416 2737 604 2813 postquam
629 2743 666 2790 se
689 2737 894 2789 amaturum
928 2741 1004 2789 esse
1035 2719 1279 2809 Adelphasion
1309 2718 1409 2799 dixit,

282 2833 419 2925 aliquid
442 2833 487 2901 ad
513 2833 603 2902 hanc
628 2855 702 2902 rem
727 2832 908 2923 pertinens
941 2833 1072 2901 addere
1095 2831 1191 2917 vult3
1217 2831 1278 2900 sed
1311 2832 1409 2899 vide·

284 2947 366 3017 lieet
389 2947 486 3038 quod
509 2947 598 3015 dum
622 2946 780 3037 loquitur
804 2945 892 3015 nihil
917 2946 991 3015 iam
1014 2945 1082 3015 sibi
1106 2966 1181 3015 esse
1199 2945 1408 3013 addendum

284 3060 468 3145 intellexit,
515 3059 692 3145 haesitat3
742 3060 974 3130 haesitantem
1020 3058 1119 3129 iubet
1163 3057 1409 3151 Adelphasion

280 3176 404 3267 eloqui
435 3175 520 3266 quid
551 3175 662 3244 velit:
694 3175 752 3244 cui
788 3173 939 3244 affirmat
971 3198 1007 3245 se
1048 3175 1118 3244 iam
1151 3174 1280 3243 dixisse
1321 3174 1408 3265 quid

284 3291 397 3359 facere
420 3291 536 3360 vellet.
561 3289 642 3358 lam
667 3306 813 3379 apparet
834 3290 1018 3379 quomodo
1052 3288 1140 3357 illud
1172 3288 1284 3378 ‚quod
1312 3288 1409 3356 vole·

285 3403 381 3473 bam‘
407 3402 712 3494 interpretandum
737 3402 793 3471 sit.
821 3403 950 3493 Neque
966 3403 1064 3471 enim
1080 3403 1278 3472 secundum
1302 3401 1408 3470 ratio-

282 3537 368 3586 nem
416 3515 560 3584 illorum
606 3513 765 3583 locorum
802 3514 864 3606 qui
904 3515 1036 3585 habent
1076 3516 1271 3605 perfectum
1325 3535 1409 3602 sup-

285 3630 435 3722 plendus
459 3646 511 3699 est
535 3628 730 3698 infinitivus
756 3629 898 3714 ‚dicere
924 3629 1007 3718 (dixi
1041 3630 1137 3720 quod
1162 3630 1277 3699 dicere
1310 3628 1406 3697 vole·

284 3741 396 3832 bam),
421 3742 481 3811 sed
508 3743 699 3828 ,volebam‘
723 3759 776 3810 est
799 3741 1026 3811 referendum
1042 3743 1086 3811 ad
1103 3742 1163 3811 illa
1185 3763 1276 3832 quae
1291 3740 1409 3832 priore

284 3877 389 3926 versu
413 3857 594 3943 dicuntur,
619 3876 776 3926 amorem
798 3874 904 3947 atque
920 3858 1136 3949 amplexum.
1164 3858 1292 3947 Neque
1308 3854 1409 3924 aliter

356 4121 367 4162 ¹
387 4120 433 4177 Cf.
453 4121 583 4194 Langen,
601 4119 693 4178 Plaut.
706 4118 844 4192 Studien,
858 4138 884 4196 p.
899 4140 926 4195 9.
