3109 4584
701 155 948 229 ..30-

262 325 392 395 inserta
435 322 553 393 evadit
586 323 792 393 coniunctio
832 322 1068 414 hypotactica‚
1115 322 1389 414 plusquamper-

261 438 392 509 fectum
432 437 519 507 nihil
560 437 666 508 habet
702 438 800 528 quod
842 437 1020 523 offendat;
1057 435 1101 506 ef.
1141 437 1248 506 etiam
1282 438 1386 506 Aul.

264 551 352 622 316:
391 551 618 622 Pulmeutum
646 549 795 642 pridem
833 551 868 621 ei
905 550 1069 642 deripuit
1097 550 1245 621 milvos:
1287 552 1390 621 homo

261 664 310 735 ad
332 675 539 756 praetorem
563 663 813 756 plorabundus
843 664 1002 748 devenit‚·
1041 665 1103 734 ubi
1136 687 1175 736 re
1207 665 1244 734 in
1277 665 1390 735 simil-

263 779 349 849 lima
395 778 604 870 perfectum,
658 802 729 848 non
787 778 1175 871 plusquamperfectum
1231 779 1391 850 adhibita

263 892 419 985 paraturi
449 892 660 962 admittitur.

354 1008 432 1077 Iam
456 1007 743 1097 pertractandum
767 1025 821 1077 est
845 1008 949 1078 nobis
972 1030 1085 1100 genus
1108 1007 1263 1090 dicendi,
1292 1007 1390 1098 quod

264 1143 346 1192 cum
382 1120 438 1191 hic
468 1120 541 1190 illic
577 1136 736 1190 occurrat
770 1122 865 1211 apud
902 1120 1089 1213 scriptores
1120 1121 1182 1212 qui
1215 1118 1392 1190 severiore

264 1235 382 1328 generi
410 1234 549 1304 dicendi
580 1252 740 1319 utuntur,
774 1252 893 1305 tamen
923 1257 1006 1305 vere
1027 1252 1082 1305 est
1105 1235 1279 1305 sermonis
1301 1233 1391 1303 coti·

263 1350 360 1420 diani
391 1350 590 1440 proprium.
622 1347 708 1436 Qua
729 1350 773 1419 de
802 1371 839 1418 re
862 1349 1005 1441 scripsit
1030 1349 1247 1433 Brehmius‚¹
1275 1369 1390 1437 neque

264 1483 380 1535 tamen
406 1464 453 1533 ita
477 1480 516 1532 ut
539 1463 691 1532 omnino
713 1462 745 1533 ei
769 1463 930 1535 assentiri
950 1462 1098 1555 possim.
1129 1463 1170 1533 ld
1195 1462 1291 1533 enim
1315 1484 1390 1531 ma·

264 1580 357 1649 xime
382 1578 466 1669 egit,
497 1594 535 1646 ut
558 1577 821 1647 demonstraret
843 1579 1029 1668 quomodo
1050 1578 1123 1646 iam
1147 1578 1191 1647 ab
1216 1575 1390 1667 antiquis·

265 1695 356 1763 sima
385 1707 496 1761 aetate
525 1707 687 1781 tempora
714 1693 947 1782 grammatica
976 1691 1197 1782 promisscue
1222 1708 1391 1780 usurpata

265 1824 392 1878 essent.
431 1808 551 1896 Atque
589 1827 670 1875 cum
705 1829 784 1876 eam
818 1829 928 1898 quam
967 1826 1061 1875 nune
1100 1804 1393 1896 pertractabimus

265 1920 457 1990 dictionem
487 1919 698 2009 popularem
730 1919 883 2010 intellegi
912 1914 1010 2004 velit,
1039 1937 1156 1988 tamen
1181 1919 1277 1988 unde
1307 1917 1391 1987 haec

265 2034 403 2105 licentia
419 2051 508 2103 esset
522 2033 716 2103 derivanda
740 2054 908 2124 quaerere
924 2034 1055 2103 omisit.
1083 2032 1303 2122 Quanquam
1319 2052 1391 2099 non

267 2149 366 2219 omni
395 2147 593 2239 explicandi
625 2149 759 2218 ratione
789 2150 947 2219 destituti
971 2171 1111 2231 sumus,
1136 2147 1166 2216 si
1191 2168 1266 2216 rem
1290 2167 1392 2214 accu-

266 2263 375 2331 ratius
406 2278 673 2353 pertractamus.
706 2265 827 2353 Atque
858 2264 1017 2354 primum
1048 2262 1195 2353 quidem
1224 2282 1393 2352 congera-

268 2399 347 2445 mus
378 2378 539 2467 exempla
573 2376 669 2467 ipsa:
702 2379 864 2469 Amph.
899 2379 988 2450 383:
1019 2379 1066 2446 M
1072 2403 1084 2446 .·
1117 2374 1395 2467 Amphitruonis

267 2503 300 2560 te
329 2512 401 2560 esse
428 2491 547 2560 aiebas
577 2490 732 2561 Sosiam.
759 2494 810 2561 S:
839 2494 1084 2565 Peccaueram.
1120 2494 1216 2562 Nam
1243 2489 1393 2581 Amplu'·

268 2605 410 2674 truouis
438 2603 572 2687 socium
603 2604 736 2679 dudum
772 2630 824 2676 me
856 2630 931 2678 esse
964 2607 1063 2677 uolui
1097 2607 1227 2677 dicere.
1261 2604 1391 2694 Capt.
1508 2698 1510 2701 .

270 2719 357 2809 309:
398 2717 480 2786 Hoc
517 2727 551 2786 te
589 2719 763 2793 monitum
798 2719 994 2790 volueram.
1037 2722 1121 2790 Non
1156 2719 1240 2788 satis
1270 2739 1397 2787 causae

269 2855 356 2918 esse,
395 2854 458 2900 cur
495 2853 576 2903 cum
617 2833 736 2903 Brixia
778 2834 977 2904 scribamus
1012 2835 1236 2919 ‚volueram
1278 2855 1320 2901 ex
1352 2831 1397 2900 iis

269 2970 360 3038 quae
393 2946 483 3015 inlra
515 2969 736 3037 exponemus
758 2966 1000 3040 cognoscetur.
1044 2949 1169 3020 Cure.
1210 2971 1276 3035 41:
1316 2947 1396 3015 Pit:

270 3063 396 3132 Etiam
411 3071 450 3130 tu
468 3072 573 3130 taces.
599 3063 655 3130 P:
681 3064 813 3153 Nempe
837 3063 980 3157 obloqui
1002 3087 1055 3134 me
1080 3065 1250 3133 iusseras.
1278 3061 1393 3132 Ibid.

269 3179 362 3263 425:
404 3173 507 3266 Quod
543 3175 635 3246 istuc
663 3176 890 3267 scriptumst,
929 3177 969 3246 id
1006 3188 1043 3246 te
1068 3200 1197 3246 vocare
1224 3177 1394 3246 iusseras.

270 3288 361 3358 Nlil.
404 3288 511 3378 glor.
560 3286 667 3375 1346:
702 3289 759 3356 P:
802 3289 899 3380 Quid
933 3290 1025 3358 istuc
1058 3301 1111 3359 est
1148 3289 1297 3380 negotii.
1339 3288 1396 3354 P:

270 3401 422 3473 Animus
444 3401 532 3470 harro
556 3401 659 3471 modo
684 3401 891 3494 reliquerat.
922 3403 1057 3473 Most.
1086 3406 1175 3494 519:
1213 3402 1287 3471 Th:
1313 3398 1397 3490 Qui·

271 3537 348 3584 eum
376 3514 467 3582 istuc
499 3514 672 3607 loquere?
709 3515 787 3584 Tr:
821 3518 880 3585 Au
907 3538 1032 3607 quaeso
1061 3527 1100 3585 tu
1127 3507 1398 3611 appellaveras?

274 3627 393 3696 lbid.
428 3629 515 3696 525:
550 3628 647 3718 Quid
672 3627 777 3698 modo
805 3626 960 3721 igitur?
986 3653 1053 3699 eur
1082 3642 1182 3701 tauto
1211 3652 1314 3721 opere
1341 3651 1398 3696 ex·

274 3743 469 3811 timueras?
511 3743 624 3811 Rud.
665 3768 753 3835 707:
788 3745 843 3813 D:
877 3745 950 3816 Sed
977 3747 1039 3815 ubi
1064 3743 1176 3816 sunt?
1211 3746 1284 3814 Tr:
1316 3743 1399 3814 Huc

345 4097 358 4138 1
378 4097 422 4151 De
436 4096 505 4152 laxo
518 4109 688 4172 temporum
704 4099 735 4155 in
744 4099 842 4173 prisca
850 4100 953 4175 lingua
963 4100 1055 4158 latina
1064 4118 1131 4158 usu.
1143 4100 1303 4174 Gottingae
1316 4100 1397 4172 1877.
