3109 4584
583 212 828 285 ...59-

144 379 321 450 invenitur
349 380 468 452 Trio.
495 385 586 476 496:
616 377 685 451 Ubi
707 393 870 451 mortuus
893 381 957 463 sis,
987 381 1039 448 ita
1067 378 1181 446 sieut
1210 396 1267 444 no·

143 518 218 563 men
242 497 344 566 cluet.
370 498 646 569 Coniunctivum
671 521 742 567 non
767 520 842 567 esse
868 513 1079 586 usurpatum
1098 494 1141 561 de
1159 493 1269 560 altera
1297 516 1299 521 ¹

143 631 295 701 persona
326 611 508 682 indefinita
532 632 714 682 contextus
738 613 930 681 verborum
956 612 1030 702 ipse
1054 611 1177 689 docet;
1205 629 1268 676 ne·

142 746 226 816 que,
252 725 286 794 id
311 724 406 816 quod
432 728 534 817 plane
559 719 763 796 abhorreret
787 750 806 795 a
831 725 981 796 consilio
1005 723 1195 815 loquentis.
1226 742 1268 789 ea

146 841 198 908 vis
240 840 360 909 inesse·
390 859 516 932 potest,
553 857 593 910 ut
630 841 855 912 'coniunctivo
895 841 1036 931 pondus
1075 837 1268 906 verborum

147 961 347 1028 minuatur»
368 978 471 1050 atque
510 961 749 1052 restringatur.
793 959 964 1031 Similiter
999 981 1054 1027 res
1089 979 1125 1024 se
1164 952 1270 1023 habet

149 1075 275 1164 Capt.
310 1068 398 1144 208}
428 1077 565 1167 Apage,
597 1075 666 1144 lau
698 1097 760 1143 nos
791 1075 831 1145 id
857 1062 988 1144 deceat.
1023 1072 1064 1141 Id
1093 1070 1188 1139 euim
1218 1087 1272 1137 est

150 1187 339 1256 consilium
363 1189 491 1279 captivi
517 1208 555 1258 ut
574 1212 714 1258 summa
738 1189 773 1257 vi
797 1188 928 1274 reiciat,
952 1189 987 1257 id
1002 1187 1098 1278 quod
1115 1186 1169 1254 vel
1186 1206 1269 1254 voce

152 1308 287 1395 ‚apage‘
318 1304 460 1390 indicat,
496 1329 571 1374 sese
608 1306 643 1375 in
676 1306 797 1374 animo
828 1305 957 1374 habere
986 1303 1118 1394 fugere.
1152 1300 1278 1390 Quare

151 1439 234 1486 cum
273 1419 447 1487 absonum
489 1420 534 1488 sit
569 1420 676 1489 statui
720 1419 988 1489 coniunctivum
1032 1415 1276 1509 potentialem,

154 1551 351 1603 resautem
376 1553 507 1623 spectet
531 1536 574 1604 ad
599 1535 774 1620 futurum,
796 1535 941 1621 ‚deceat‘
968 1533 1062 1602 idem
1087 1533 1158 1600 fere
1182 1530 1274 1598 valet

153 1663 257 1736 atque
276 1647 451 1729 ,decebite
481 1650 606 1718 Paullo
631 1650 843 1718 immutatur
867 1649 923 1718 hic
944 1645 1157 1716 coniunctivi
1189 1667 1279 1713 usus

153 1762 187 1829 in
206 1763 395 1831 enuntiatis
412 1763 682 1855 interrogativis,
702 1788 784 1834 cum
809 1765 884 1833 eius
910 1786 1041 1833 munus
1065 1763 1132 1830 hoc
1155 1761 1212 1846 sit,
1238 1778 1278 1828 ut

155 1877 241 1966 quid
270 1879 389 1948 futuro
419 1896 576 1970 tempore
601 1882 859 1971 expectandum
883 1880 928 1948 sit
950 1896 1150 1969 quaeratur.
1186 1875 1278 1945 Mihi

155 1993 301 2083 quidem
331 1992 381 2060 sic
410 1993 637 2083 explicandus
660 1995 801 2064 videtur
834 1993 1079 2064 coniunctivus
1117 1991 1279 2080 Amph.

159 2108 227 2197 576
256 2124 289 2175 et
322 2107 434 2176 ibid.
468 2110 556 2200 769:
592 2109 689 2200 Quid
714 2110 777 2178 hoc
804 2111 854 2178 sit
883 2107 1068 2179 hominis?
1085 2106 1278 2175 Fleckeise-

158 2243 225 2288 nus
256 2220 422 2310 quidem¹
458 2222 643 2312 proposuit
672 2222 905 2291 indicativum
936 2230 1027 2307 ,est‘‚
1060 2243 1099 2288 ea
1130 2217 1296 2287 videlicet

163 2356 268 2401 causa
297 2334 472 2403 adductus
502 2336 598 2425 quod
629 2336 873 2406 coniunctivus
905 2358 1031 2427 parum
1063 2334 1208 2402 haberet
1239 2354 1290 2401 ra·

134 2536 137 2543 1
164 2450 281 2518 tionis.
315 2451 553 2520 Indicativum
571 2469 702 2537 ‚autem
731 2452 916 2544 proposuit
947 2452 1048 2520 nixus
1079 2467 1113 2520 et
1141 2473 1182 2520 eo
1211 2450 1306 2518 locor

165 2587 272 2655 quem
329 2567 489 2636 Donatus
549 2568 593 2635 ad
647 2569 742 2636 Ter.
803 2569 913 2637 Eun.
964 2567 1031 2657 237
1089 2563 1290 2633 adnotavit:

167 2679 264 2771 Quid
292 2680 430 2751 locent
452 2681 634 2751 hominis?
657 2701 690 2752 et
714 2706 819 2751 versu
845 2684 955 2752 Eun.
985 2682 1073 2770 546:
1112 2679 1209 2771 Quid
1232 2680 1297 2749 hoc

166 2794 350 2864 hominis?
372 2797 433 2886 qui
456 2796 513 2865 hic
534 2797 733 2867 ornatust?
761 2797 831 2869 Sed
856 2820 937 2866 cum
960 2797 1017 2864 vix
1041 2795 1179 2864 licitum
1205 2794 1293 2864 milri

166 2910 327 2979 videatur
351 2934 425 2980 esse
451 2912 567 2980 Plauti
592 2935 698 2981 usum
722 2913 878 2997 dicendi,
904 2912 1036 3004 quippe
1062 2911 1122 3002 qui
1149 2911 1194 2979 sit
1218 2928 1294 2979 tam

167 3025 366 3116 multiplex,
397 3027 617 3096 conformare
655 3029 698 3096 ad
737 3028 826 3096 alius
865 3026 1046 3119 scriptoris
1087 3024 1290 3095 similitudi-

170 3163 265 3223 nem,
293 3159 371 3209 tum
401 3142 555 3210 maxime
586 3143 653 3211 hoc
683 3158 822 3211 vetatur
851 3141 919 3210 illis
950 3142 1036 3210 locis
1064 3141 1161 3231 ipsis.
1195 3140 1294 3209 Nam

169 3255 302 3345 aliquid
335 3254 501 3325 interesse
531 3256 620 3324 inter
651 3257 896 3325 condicionem
922 3256 1080 3324 locorum
1108 3253 1298 3323 Plautino·

171 3392 252 3439 rum
289 3386 322 3438 et
351 3370 647 3439 Terentianorum
685 3370 857 3439 intellexit
885 3369 957 3438 iam
987 3369 1191 3460 Ussingius‚
1233 3368 1295 3456 qui

172 3508 212 3553 ea
250 3487 294 3554 de
332 3505 367 3553 re
406 3486 448 3553 ad
482 3486 643 3576 Amph.
679 3486 748 3575 576
780 3487 877 3575 (572)
907 3484 1073 3553 disseruit
1109 3483 1297 3552 nonnulla.

173 3599 249 3690 Qui
280 3600 470 3670 discrimen
510 3623 590 3669 cum
622 3618 713 3669 recte
753 3601 982 3692 intellegeret,
1021 3618 1138 3668 tamen
1180 3600 1215 3668 in
1255 3624 1301 3669 eo

173 3715 313 3799 erravit.
344 3717 440 3805 quod
470 3716 654 3786 lectionem
682 3716 849 3784 traditam
873 3715 1083 3807 repudiavit.
1121 3713 1300 3805 Equidem

174 3848 264 3898 recte
294 3831 414 3899 omnia
444 3854 480 3900 se
515 3832 643 3900 habere
676 3854 814 3900 censeo.
848 3832 942 3902 Nam
976 3853 1057 3899 cum
1085 3830 1140 3903 ,sic
1165 3828 1303 3920 optime

247 4162 258 4202 ¹
280 4161 356 4217 Nov.
370 4176 438 4218 ann.
453 4173 517 4217 tom
531 4161 567 4233 95
584 4176 650 4233 pag.
664 4158 730 4217 635.
