3109 4584
592 246 640 257 ...
691 204 735 286 47
788 246 837 256 ..

149 375 257 444 etiam
296 377 334 445 in
372 377 569 467 praesentia
603 396 666 461 est,
700 377 853 449 relatum
887 378 935 447 ‘sit
975 379 1018 445 ad
1054 378 1277 462 ,commemi-

151 488 272 571 nissc‘,
303 512 392 579 quae
422 490 519 565 actio
542 491 730 577 hocloco
760 507 811 559 est
840 490 969 562 futura.
1014 488 1187 563 Similiter
1223 513 1278 565 res

151 627 188 673 se
217 604 323 674 habet
352 606 517 676 Bacch.
552 605 646 696 339:
678 605 734 675 Ab
763 586 809 673 eo
833 603 955 673 licebit
978 605 1139 695 quamvis
1160 604 1278 673 subito

150 740 312 811 sumere„
336 719 428 791 Nlil.
460 720 582 811 glor.
615 720 707 811 395:
740 717 979 789 Narrandum
1009 741 1074 810 ego
1102 719 1193 787 istuc
1218 719 1279 786 mi-

153 833 216 902 lin·
245 833 396 902 censebo.
429 832 632 907 Consilium
665 834 743 902 eius
773 832 835 922 qui
875 819 1034 922 loquitur
1065 854 1148 900 sane
1175 848 1208 899 et
1235 831 1278 899 ad

153 968 319 1035 praesens
343 963 377 1013 et
400 947 444 1015 ad
470 945 631 1018 futurum
653 965 795 1039 tempus
810 944 975 1035 pertinet,
1009 945 1076 1012 nisi
1109 946 1203 1034 quod
1236 945 1280 1013 ad

154 1060 316 1127 futurum
358 1060 553 1161 accuratius
586 1060 737 1159 refertur
765 1076 988 1128 momentum
1022 1081 1093 1149 quo
1127 1059 1164 1145 fit
1198 1081 1280 1126 nar·

154 1175 264 1272 ratio.¹
287 1174 344 1244 Cf.
381 1176 517 1273 Horat„
542 1174 608 1264 Ep.
646 1176 676 1260 I,
706 1198 766 1261 14,
797 1196 857 1262 44,
884 1173 945 1241 ubi
971 1173 1150 1253 ,censebo‘
1183 1172 1280 1246 artis
1386 1180 1391 1189 '

155 1287 244 1359 sime
284 1285 435 1355 refertur
468 1287 511 1354 ad
553 1308 673 1363 unum,
702 1285 870 1376 quodque
908 1285 1004 1374 quod
1034 1283 1195 1352 futurum
1231 1300 1282 1351 est

155 1388 370 1492 exemplum.
398 1402 526 1490 Neque
544 1400 671 1477 minus
687 1398 921 1475 memorabile
945 1415 1056 1467 exstat
1079 1399 1281 1487 exemplum

156 1515 251 1586 Mil.
279 1516 395 1606 glor.
422 1516 517 1586 638:
551 1516 643 1584 Plus
672 1515 772 1590 dabo,
793 1536 896 1607 quam
919 1494 1139 1603 praedicabo
1164 1533 1209 1580 ex
1230 1534 1282 1580 me

154 1630 351 1698 venustatis
390 1629 470 1701 tili.
516 1628 619 1721 Certe
655 1628 724 1702 vix,
755 1643 960 1725 vmoveretur
994 1624 1206 1716 disputatio,
1252 1625 1282 1693 si

156 1764 221 1834 pro
252 1742 490 1834 ‚praedicabo‘
517 1743 692 1834 legeretur
715 1722 957 1833 praedicavi,
977 1740 1030 1808 vel
1047 1739 1144 1829 quod
1170 1761 1283 1830 genus

156 1856 295 1925 dicendi
321 1877 386 1946 pro
411 1855 472 1929 illo
497 1855 662 1951 substitui
688 1855 791 1927 licere
807 1878 887 1946 pag.
913 1878 953 1945 [ρ
969 1853 1142 1937 vidimus,
1171 1874 1281 1942 ,prae-

156 1969 263 2037 dico‘.
291 1968 423 2057 Qualia
449 1956 647 2058 praesentia
662 1967 833 2058 quoniam
859 1989 939 2058 eam
962 1965 1136 2041 rationem
1154 1965 1283 2034 habere

157 2084 414 2173 perspeximus,
449 2100 491 2150 ut
529 2106 600 2151 non
634 2084 751 2151 solum
784 2082 958 2164 actionem
987 2097 1080 2149 certo
1111 2081 1282 2170 temporis

158 2215 341 2291 momento
365 2197 493 2273 factam
518 2196 687 2291 indicent,
712 2197 773 2265 sed
799 2196 906 2285 etiam
939 2194 1187 2263 condicionem
1216 2193 1284 2261 du—

159 2330 308 2405 rantem,
348 2309 454 2379 etiam
488 2312 554 2380 hoc
587 2311 663 2379 loco
698 2293 913 2402 praedicatio
950 2331 1020 2381 non
1065 2310 1109 2377 ad
1147 2325 1284 2379 certum

159 2440 396 2508 momentum,
431 2424 490 2491 sed
515 2424 566 2509 ¹ad
598 2408 708 2514 genus
742 2421 909 2511 loquendi
944 2422 1040 2511 quod
1078 2437 1132 2489 est
1162 2419 1289 2488 militisv

159 2536 385 2629 grandiloqui
404 2553 547 2627 spectat.
576 2535 685 2624 Quod
707 2557 788 2623 cum
814 2535 861 2603 ita
878 2535 935 2618 sit,
955 2556 1060 2602 nemo
1083 2533 1283 2615 mirabitur,

159 2650 188 2717 si
212 2632 278 2739 pro
302 2647 477 2738 praesenti
503 2646 697 2742 generatim
722 2663 893 2736 usurpato
912 2662 1071 2735 respecta
1088 2644 1148 2713 illa
1163 2660 1284 2713 attrac-

159 2762 267 2833 tionis
299 2763 373 2853 lege
413 2763 574 2842 Plautus¹
599 2759 770 2859 futurum
800 2760 843 2828 ad
881 2757 1154 2850 similitudinem
1189 2757 1284 2839 vocis

161 2878 280 2963 ,dabo‘
311 2878 422 2968 ponit.
465 2875 601 2948 Similis
639 2876 787 2967 quidem
824 2873 982 2943 attractio
1022 2874 1117 2964 apud
1149 2874 1283 2955 Teren-

159 2993 251 3060 tium
275 2992 364 3062 mihi
382 3014 452 3060 non
469 2990 632 3060 occurrit.
669 3055 671 3065 .

251 3104 319 3172 His
357 3103 526 3193 exemplis
566 3102 789 3193 adiungenda
834 3118 916 3168 sunt
954 3100 1150 3183 simillima,
1177 3122 1285 3188 ‚quae

159 3236 280 3287 tamen
296 3216 473 3308 singulare
487 3216 668 3306 quoddam
680 3215 842 3283 habeant.
862 3213 941 3281 Tri
953 3234 989 3280 n.
1009 3213 1097 3281 605:
1115 3213 1198 3280 Non
1211 3233 1286 3279 cre-

160 3309 395 3405 dibile-dices.
424 3330 506 3398 Non
539 3326 648 3394 modo
682 3324 895 3416 intellegitur
920 3324 1009 3393 actio
1034 3324 1174 3393 dicendi
1199 3324 1285 3392 sim-

161 3444 252 3533 plex,
279 3443 338 3511 sed
363 3441 512 3510 omnino
537 3439 709 3509 sententia
733 3441 877 3526 durans,
894 3463 984 3526 quae
1005 3438 1151 3528 quidem
1176 3439 1283 3507 semel

161 3580 325 3647 expressa
349 3555 395 3623 sit
418 3555 547 3625 verbis.
587 3556 764 3623 Futurum
798 3572 917 3624 autem
943 3554 1093 3622 Plautus
1117 3573 1199 3620 cum
1225 3553 1286 3621 ad·

160 3672 258 3740 misit
282 3670 490 3755 accuratius,
525 3669 664 3739 dicendi
695 3669 878 3766 actionem
901 3667 1022 3738 referri
1047 3666 1160 3761 voluit
1182 3666 1226 3734 ad
1251 3666 1287 3734 id

160 3801 400 3869 momentum,
439 3783 501 3852 ubi
535 3800 658 3851 utrum
693 3781 838 3853 Stasimi
877 3781 1049 3851 sententia
1079 3803 1161 3849 vera
1195 3796 1284 3847 esset

160 3896 455 3988 necnecognosci
480 3914 610 3988 posset.
639 3896 765 3967 Simile
789 3895 959 3986 temporis
983 3912 1209 3963 momentum
1235 3911 1286 3961 est

162 4008 509 4101 subintellegendum
542 4010 669 4089 Merc.
707 4009 801 4100 399:
838 4008 991 4077 Horunr
1030 4006 1095 4076 illa
1136 4006 1288 4076 nihilum

161 4123 345 4215 quicquam
358 4124 488 4216 facere
502 4125 645 4215 poterit
666 4122 869 4193 admodum.
895 4124 1037 4192 Persa
1061 4123 1155 4208 645:
1189 4121 1289 4190 Haec
