3109 4584
703 197 950 270 ..54-

263 368 426 437 exhibere
456 367 737 453 coniunctivum,
767 368 796 436 si
828 369 936 436 modo
962 391 1016 436 res
1042 368 1194 460 pertinet
1224 369 1268 437 ad
1293 369 1387 439 iutu-

263 504 355 550 rum.
388 483 517 573 Capt.
546 484 640 570 548:
672 483 728 551 Ne
760 494 799 551 tu
823 481 915 573 quod
941 482 1024 551 istic
1043 482 1249 572 fabuletur,
1282 501 1388 553 aures

263 598 425 666 inmittas
470 606 562 664 tuas.
601 597 702 664 Aul.
732 617 830 685 491:
868 597 946 686 Quo
978 595 1108 677 lubeat,
1144 598 1276 666 nubant
1302 597 1386 667 dum

259 714 325 782 dos
352 733 393 779 ue
404 711 481 804 fiat
511 731 633 778 comes.
660 714 731 779 As.
763 731 836 796 44:
860 709 911 778 Di
934 709 1004 778 tibi
1026 709 1122 791 dent,
1156 732 1387 803 quaecumque

261 837 369 917 optes.
399 825 493 892 Mil.
520 825 632 916 glor.
665 823 771 903 1038,
802 822 966 891 Pseud.
995 822 1088 913 936:
1127 822 1281 892 Tantum
1305 823 1388 894 boui

261 941 329 1009 tibi
374 939 415 1009 di
463 938 684 1008 immortales
720 938 816 1018 dent,
865 947 1032 1028 quantum
1078 948 1118 1006 tu
1160 938 1230 1007 tibi
1274 952 1383 1030 optes.

263 1053 403 1126 Stich.
435 1057 506 1124 60:
536 1055 625 1122 Pati
651 1075 714 1122 nos
738 1062 880 1142 oportet
903 1050 996 1142 quod
1020 1051 1233 1141 illefaeiat,
1259 1057 1386 1147 quoius

254 1180 415 1264 potestas
454 1169 540 1259 plus
576 1178 708 1258 potest.
753 1166 868 1235 Trin.
907 1166 1006 1254 436:
1048 1166 1114 1234 Dii
1154 1167 1260 1237 duint
1301 1170 1383 1253 tibi,

260 1283 397 1363 Philto,
439 1302 693 1373 quaequomque
730 1289 839 1369 optes.
889 1280 934 1348 Et
972 1302 1015 1347 ne
1058 1279 1094 1347 in
1141 1281 1196 1349 his
1239 1284 1384 1372 quidem

260 1397 429 1487 exemplis
453 1413 540 1486 puto
570 1396 684 1463 solam
713 1395 786 1462 vim
816 1392 1096 1478 assimilationis,
1121 1395 1164 1463 de
1196 1420 1266 1487 qua
1291 1422 1380 1468 vers.

259 1516 321 1581 As.
356 1533 400 1601 29
424 1509 568 1602 cogitari
590 1508 737 1576 omnino
764 1531 836 1575 non
859 1524 986 1598 potest,
1013 1509 1278 1579 coniunctivum
1301 1515 1383 1583 effe-

259 1625 357 1694 cisse.
393 1624 431 1696 Si
460 1624 555 1692 enim
594 1622 757 1690 suturalis
794 1622 847 1690 vis
887 1621 999 1704 abest,
1033 1622 1243 1693 indicativus
1285 1629 1381 1698 inve·

260 1735 367 1803 nitur.
402 1735 513 1825 Men.
536 1736 630 1824 557:
663 1733 725 1801 Ibo
750 1742 785 1801 et
806 1732 1005 1800 conveniam
1020 1755 1170 1818 servom,
1193 1737 1228 1805 si
1236 1750 1380 1828 potera,

259 1872 400 1930 uterum,
433 1859 472 1916 ut
495 1849 588 1930 haec,
614 1869 702 1939 quae
733 1848 822 1916 baua
846 1845 934 1915 daut
957 1831 998 1915 di
1022 1849 1122 1931 mihi,
1153 1875 1198 1919 ex
1226 1876 1278 1921 me
1310 1855 1381 1924 iam

257 1964 360 2032 sciat.
392 1946 515 2030 Pers.
551 1982 644 2052 294:
675 1959 855 2027 Eveniant
879 1958 947 2027 tibi
971 1982 1057 2050 quae
1078 1973 1181 2052 optas
1209 1967 1260 2050 (ε
1279 1977 1381 2057 opta·

258 2078 368 2165 visti).
397 2077 560 2145 Pseud.
596 2075 690 2145 638:
722 2074 824 2143 Erus
846 2075 880 2142 si
904 2084 986 2142 tuus
1018 2074 1151 2144 domist
1179 2080 1264 2168 quiu
1290 2104 1381 2171 pro·

257 2213 371 2271 vocae,
409 2200 448 2258 ut
486 2189 524 2258 id
561 2211 667 2281 agam
706 2188 799 2280 quod
832 2188 960 2256 missus
992 2190 1058 2258 huc
1087 2213 1176 2275 sum,
1208 2196 1381 2287 quidquid

256 2317 309 2375 est
341 2327 461 2372 nomeu
500 2303 592 2373 tibi?
631 2304 746 2371 Men,
798 2303 886 2370 118:
923 2302 1009 2371 Rem
1049 2327 1182 2375 necesse
1213 2308 1378 2400 eloquist,

255 2417 430 2510 quidquid
459 2418 519 2509 egi
551 2427 655 2508 atque
678 2440 761 2509 ago.
797 2417 909 2486 Rud.
958 2439 1071 2509 1229:
1109 2421 1253 2490 Habeas
1289 2425 1382 2514 quod

255 2533 295 2602 di
327 2533 415 2602 dant
446 2533 528 2601 boui
560 2535 609 2620 (=
636 2531 832 2619 dederuut).
882 2531 967 2622 Qua
995 2532 1030 2601 in
1063 2555 1099 2603 re
1131 2558 1213 2604 cum
1255 2539 1378 2607 huius-

256 2647 354 2714 modi
387 2664 438 2714 est
469 2645 660 2713 modorum
699 2645 903 2728 discrimen,
936 2644 1050 2715 Cist.
1085 2647 1135 2732 II,
1168 2674 1196 2734 r,
1231 2671 1300 2719 21:
1330 2653 1376 2720 A.

255 2762 306 2828 Di
330 2783 381 2828 me
402 2757 572 2849 perdant.
605 2759 648 2825 B.
677 2757 924 2849 Quodcumque
948 2769 1046 2850 optes
1071 2761 1140 2830 tibi
1169 2762 1274 2832 uelim
1298 2787 1378 2833 cou-

256 2875 423 2964 tingere,
454 2894 525 2939 non
560 2873 667 2941 modo
698 2872 740 2941 ad
770 2896 823 2957 ea,
855 2896 945 2962 quae
984 2877 1201 2964 praecedunt
1235 2876 1285 2960 ,di
1323 2900 1379 2947 me

254 2987 414 3077 perdant‘
445 2987 553 3055 verba
583 2987 793 3056 Melaenidis
833 2988 953 3056 referri
996 2989 1136 3073 debent,
1179 2992 1240 3061 sed
1272 2992 1378 3061 etiam

255 3103 298 3169 ad
327 3124 366 3169 ea
397 3123 629 3190 quaecunque
661 3100 947 3167 Alcesimarchus
980 3102 1128 3190 optabit.

346 3215 467 3282 Restat
498 3230 536 3280 ut
561 3214 605 3280 de
636 3210 827 3279 enuntiatis
858 3210 1164 3282 conditionalibus
1203 3221 1374 3288 nonnulla

254 3330 381 3399 dicam.
426 3329 504 3396 Hac
543 3327 578 3394 in
611 3349 647 3395 re
688 3325 831 3393 maximi
875 3327 1046 3395 momenti
1089 3329 1175 3398 mihi
1211 3331 1378 3400 videntur

253 3465 329 3512 esse
370 3463 410 3509 ea
451 3439 634 3507 enuntiata
673 3459 763 3525 quae
802 3455 883 3506 sunt
925 3440 1068 3507 alterius
1108 3444 1245 3532 generis
1279 3443 1374 3534 quod

253 3556 359 3646 vulgo
388 3553 526 3621 dicitur.
561 3554 659 3621 Haec
700 3568 819 3620 autem
859 3554 1029 3621 sententia
1054 3556 1204 3644 proferri
1237 3559 1326 3626 solet
1354 3580 1374 3626 a

252 3665 503 3759 grammaticis,
535 3665 571 3733 in
603 3664 679 3733 eius
714 3664 811 3732 modi
846 3665 1035 3733 enuntiatis
1070 3668 1374 3739 condicionalibus

251 3778 496 3849 condicionem
544 3801 581 3847 re
632 3800 715 3846 vera
770 3799 841 3845 non
895 3801 982 3864 esse,
1030 3781 1091 3847 sed
1134 3804 1239 3871 posse
1284 3782 1371 3851 fieri.

253 3896 361 3985 Quod
394 3916 599 3983 quanquam
637 3892 765 3961 falsum
803 3914 873 3960 non
913 3910 977 3977 est,
1017 3910 1134 3961 tamen
1171 3897 1215 3964 ad
1257 3897 1372 3966 Plauti

251 4030 358 4076 usum
395 4008 535 4076 dicendi
575 4029 647 4075 non
687 4029 832 4097 prorsus
869 4006 958 4074 mihi
998 4008 1173 4097 quadrare
1220 4009 1370 4079 videtur.

252 4122 456 4192 Occurrunt
499 4120 593 4188 enim
632 4142 734 4210 saepe
773 4121 867 4208 apud
910 4120 1011 4187 illum
1049 4121 1193 4191 alterius
1235 4125 1373 4215 generis
