3109 4584
708 196 954 272 ..38-

267 388 348 434 cum
374 365 645 456 Westphalius¹
681 367 823 460 copiose
856 364 1074 450 disseruerit,
1100 364 1185 433 haec
1206 361 1390 432 cuta'iam

267 482 311 550 ad
344 484 402 551 me
433 482 694 574 non'pertinet.
737 483 863 554 Unum
896 480 983 550 illud
1016 482 1081 549 hoc
1105 480 1183 548 loco
1207 477 1389 568 proferen-

266 597 354 665 dum
385 610 440 665 est
466 615 499 665 et
529 596 691 666 futurum
721 615 756 666 et
778 594 1046 666 coniunctivum
1075 616 1119 662 ex·
1145 592 1253 681 stirpe
1285 613 1386 682 prae·

267 709 373 780 sentis
404 732 480 779 esse
515 710 639 796 ducta,
681 709 807 778 deinde
845 707 1005 776 futurum
1041 696 1163 775 eor'utn
1196 705 1390 805 verborum
1476 778 1480 784 ι

266 838 484 915 quae'more
515 824 830 918 grammaticorum
860 820 1169 915 coniugationibus
1202 819 1390 890 111'etlv

266 938 518 1023 attribuuntur,
555 939 746 1008 conflatum
774 960 850 1008 esse
880 960 921 1007 ex
950 936 1182 1005 ‘coniunctivo
1214 947 1317 1003 etex
1347 946 1388 1000 eo

267 1056 374 1123 modo
417 1054 607 1144 quicum
647 1053 707 1123 illo
752 1054 787 1122 in
833 1075 947 1121 unum
992 1051 1172 1135 confluxit,
1217 1048 1386 1140 optativo.

267 1168 384 1237 Etiam
423 1167 498 1237 fieri
533 1168 710 1237 interdum
747 1166 954 1235 addendum
984 1182 1035 1234 est
1076 1182 1116 1233 ut
1152 1163 1261 1232 futuri
1291 1161 1389 1231 notio

267 1305 336 1352 non
367 1283 523 1373 ⁴simplici
558 1282 667 1352 futuri
704 1282 819 1352 forma
859 1281 1095 1371 exprimatur,
1134 1279 1195 1347 sed
1234 1276 1388 1368 quadam

266 1418 346 1465 cum
366 1397 412 1465 ‘vi
437 1397 606 1488 singulari
630 1396 804 1488 ampliore
838 1418 963 1488 genere
994 1392 1146 1463 dicendi.
1180 1391 1290 1481 Quod
1314 1390 1390 1459 sine

266 1510 376 1579 dubio
400 1534 418 1579 e
443 1532 606 1580 sermone
630 1510 808 1580 cotidiano
839 1509 1092 1600 depromptum
1124 1529 1235 1599 genus
1263 1505 1318 1574 ita·
1339 1521 1391 1573 est

265 1641 523 1712 comparatum,
551 1641 589 1692 ut
612 1625 788 1714 quaedam
811 1622 1090 1711 verbaquorum
1109 1630 1264 1710 potestas
1289 1617 1389 1689 initio

265 1737 411 1828 quidem
428 1736 534 1806 fuerit
550 1737 726 1822 absoluta,
745 1736 872 1805 abeant
888 1736 993 1827 plane
1019 1734 1053 1802 in
1072 1756 1182 1825 genus
1197 1731 1389 1801 verborum

266 1851 490 1920 auxiliarium
521 1851 660 1941 sibique
691 1868 874 1919 assumant
896 1850 939 1917 ad
964 1859 1109 1918 sensum
1133 1848 1310 1938 integrum
1334 1867 1388 1913 as·

266 1964 488 2056 sequendum
522 1963 739 2033 infinitivum
774 1964 828 2033 vel
865 1962 1092 2054 participium
1133 1962 1188 2029 vel
1220 1959 1389 2048 supinum

266 2081 340 2148 eius
377 2077 474 2149 verbi
510 2079 614 2170 quod
637 2079 766 2149 indicet
795 2079 969 2148 actionem
1000 2079 1125 2169 ipsam.
1160 2073 1251 2147 Sunt
1280 2093 1387 2162 quae·

266 2195 348 2262 dam
379 2193 422 2262 de
455 2195 519 2263 hac
550 2215 587 2261 re
618 2192 795 2282 disputata
824 2216 843 2261 a
874 2191 994 2261 Brixio
1024 2209 1057 2260 et
1081 2213 1122 2258 a
1147 2191 1315 2277 Langeno
1350 2184 1387 2253 in

264 2305 551 2375 adnotationibus
576 2306 773 2397 adCapt.
804 2307 885 2394 345.
912 2305 1043 2377 Nescio
1068 2328 1112 2374 an
1138 2304 1263 2372 eodem
1279 2321 1388 2390 spec-

261 2437 334 2490 tent
369 2421 495 2489 Most.
523 2419 610 2510 317:
648 2421 752 2488 Nunc
783 2421 1044 2490 commissatum
1071 2419 1127 2487 ibo
1151 2416 1200 2486 ad
1223 2413 1387 2484 Philola-

262 2531 367 2600 chem.
419 2531 530 2600 lbid.
568 2532 655 2600 566:
702 2529 773 2600 Sed
807 2531 979 2621 occupabo
1015 2529 1132 2599 adire.
1171 2525 1388 2617 ¹Utrubique

261 2645 410 2713 verbum
447 2643 587 2713 finitum
625 2664 707 2712 curn
742 2665 843 2711 suam
873 2643 1086 2732 peculiarem
1124 2641 1286 2710 exhibeat
1322 2661 1386 2707 no·

171 2820 175 2825 .
259 2759 406 2843 tionem,
437 2775 554 2826 tamen
586 2757 654 2826 alia
683 2780 724 2825 ex
751 2757 885 2826 ratione
909 2757 1070 2826 similiter
1093 2756 1211 2825 verbis
1236 2754 1384 2823 auxilia·

262 2874 359 2943 ribus
390 2891 597 2965 usurpatur3
625 2872 799 2964 significat
828 2872 923 2941 enim
953 2871 1125 2940 rationem
1150 2870 1385 2961 temporalem

260 2986 407 3055 actionis
438 2985 548 3076 ipsius
581 2986 624 3054 ad
655 2984 816 3054 futurum
842 2985 1028 3075 pertinere.
1063 2985 1162 3053 Haec
1187 3004 1290 3051 nosse
1316 2982 1383 3049 hoc

260 3097 407 3187 quidem
445 3099 521 3167 loco
561 3098 605 3168 de
639 3098 759 3179 futuro
790 3097 1045 3166 conformando
1076 3120 1217 3165 necesse
1247 3097 1380 3165 censui.

348 3211 535 3301 Perspecta
567 3228 686 3278 autem
716 3209 852 3279 ratione
875 3209 993 3291 ,futuri
1023 3208 1200 3277 formandi
1233 3230 1384 3277 consen-

259 3340 402 3392 taneum
437 3342 489 3392 est
526 3340 589 3393 nos
628 3342 704 3392 rem
740 3323 786 3392 ita
814 3322 990 3412 amplecti,
1031 3339 1069 3390 ut
1094 3321 1264 3412 'primum
1294 3344 1385 3411 quae

259 3435 409 3505 rationes
444 3436 533 3506 inter
572 3437 732 3523 futurum
763 3455 797 3505 et
825 3459 1004 3528 praesens,
1047 3434 1176 3503 deinde
1209 3457 1301 3524 quae
1330 3433 1385 3502 in·

257 3552 434 3621 tercedant
467 3552 556 3621 inter
585 3550 745 3621 fututum
776 3567 810 3619 et
846 3548 1112 3620 coniunctivum
1149 3570 1379 3640 exponamus.

347 3666 585 3757 Aggredimur
610 3685 691 3735 eum
710 3669 828 3736 locum
850 3664 1137 3756 pertractandum
1155 3664 1217 3733 ubi
1234 3662 1386 3732 maxime

258 3781 294 3849 in
310 3803 473 3849 sermone
489 3781 607 3849 Plauti
622 3781 755 3850 eluceat
771 3780 927 3849 sollertia
944 3778 1140 3870 quaedam,
1161 3778 1257 3867 apud
1274 3797 1382 3866 quem

329 4057 340 4095 ¹
366 4054 428 4193 Die3
448 4053 671 4111 Verbalflexion
702 4056 753 4111 der
780 4055 977 4112 lateinischen
1006 4055 1140 4130 Sprache
1167 4056 1269 4125 (lenae
1303 4054 1387 4128 1873)

255 4154 358 4210 apag.
378 4157 406 4193 ιι
432 4183 438 4196 .
