3109 4584
585 177 833 252 ..31-

146 349 292 440 respice,
325 349 382 418 D:
414 348 575 440 Optume,
605 349 669 420 ltoe
697 349 934 418 volueramus.
960 347 1079 419 Ibid.
1114 348 1204 437 849:
1235 347 1276 416 ls

145 461 246 534 dedit
282 482 426 551 operam
463 471 661 552 optumam<
692 462 731 532 ls
757 484 849 531 nune
878 484 956 532 cum
983 460 1113 531 seruis
1128 469 1273 529 serrat:

145 597 212 667 ego
247 572 510 647 mandaverant.
551 573 699 648 Stich.
742 577 831 646 515:
872 577 927 645 A:
967 574 1063 643 Cras
1097 572 1194 664 apud
1222 594 1278 641 me

147 688 253 759 eritis
290 697 325 756 el
361 697 400 759 tu
437 698 472 759 et
507 686 569 759 ille
605 709 684 757 eum
721 689 858 759 uostris
894 688 1081 758 uxoribus.
1122 687 1176 754 P:
1223 689 1275 756 At

147 799 243 892 apud
272 821 325 871 me
345 798 539 891 perendie:
575 822 656 868 uam
691 799 752 870 ille
780 801 861 871 lteri
891 824 943 871 me
972 801 1043 871 iam
1073 811 1275 871 votamrat.

148 917 284 987 Merc.
312 914 403 1005 698:
429 912 500 985 Sed
521 935 598 985 eum
617 912 781 983 demiror
803 937 869 984 nou
888 916 1008 987 uenire
1024 925 1064 986 ut
1088 915 1273 985 iusseram.

149 1033 220 1101 As.
258 1030 358 1118 ¹715:
402 1030 519 1120 Atque
556 1027 621 1097 illa
659 1027 732 1097 sibi
769 1051 858 1120 quae
896 1028 953 1099 ltic
990 1030 1147 1099 iusserat
1185 1031 1276 1099 milti

149 1142 283 1219 statuis
308 1141 579 1234 supplicesque?
618 1143 720 1212 Aul.
754 1143 845 1217 635:
882 1145 935 1213 At
965 1143 1058 1213 illud
1087 1142 1179 1234 quod
1207 1143 1276 1213 tibi

149 1255 353 1327 abstuleras
374 1254 469 1327 redo.
497 1256 615 1327 Ibid.
643 1259 734 1348 697:
760 1257 962 1327 Strobilum
986 1258 1106 1327 miror
1128 1256 1276 1339 ubisit,

150 1391 248 1460 quem
277 1390 343 1461 ego
370 1391 423 1438 me
452 1368 626 1440 iusseram
656 1369 918 1459 ltitopperiri.
953 1370 1073 1441 Ibid.
1105 1371 1192 1462 766:
1225 1370 1277 1439 ll·

151 1483 223 1555 lam
246 1505 291 1553 ex
318 1481 459 1555 Siluani
481 1482 557 1553 loco
571 1506 676 1576 quam
696 1484 909 1566 abstuleras,
931 1485 1025 1555 cedo.
1051 1486 1165 1555 Men.
1183 1486 1275 1574 426:

151 1597 298 1670 Pallam
331 1596 432 1669 illam
462 1619 564 1688 quam
594 1596 727 1667 dudum
758 1597 922 1682 dederas,
953 1599 1002 1669 ad
1029 1599 1279 1693 Phrygionem

153 1722 194 1779 ut
219 1709 376 1800 deseras.
415 1708 535 1779 ibid.
572 1709 662 1799 807:
686 1711 789 1800 ,Quin
812 1711 922 1781 etiam
953 1734 1042 1781 nurtc
1070 1712 1172 1782 ltabet
1194 1710 1279 1802 pal·

153 1826 238 1907 lam,
255 1834 376 1914 pater,
393 1834 427 1893 et
440 1822 592 1914 spinter,
617 1823 711 1915 quod
725 1823 774 1894 ad
789 1825 877 1895 banc
892 1824 1083 1895 detulerat.
1112 1824 1276 1894 Pseud.

153 1938 253 2011 6382»
276 1937 406 2011 Servos
432 1936 520 2019 eius,
553 1938 615 2029 qui
641 1939 721 2009 lu'nc
751 1961 773 2008 a
798 1939 899 2009 uobis
926 1949 979 2010 est
1002 1950 1178 2009 mercatus
1201 1961 1280 2008 mu·

154 2054 292 2133 lierem,
329 2051 391 2142 qui
418 2053 566 2143 argenti
594 2075 668 2125 meo
698 2075 762 2122 ero
791 2053 907 2123 lenoni
936 2053 1134 2145 quindecim
1173 2049 1280 2121 dede·

154 2176 214 2234 rat
256 2166 385 2247 miuus,
428 2165 578 2257 quinque
620 2166 750 2237 debet?
794 2168 980 2239 Accedunt
1008 2167 1058 2236 illi
1098 2149 1165 2235 loci
1203 2187 1278 2235 cre·

155 2280 313 2363 berrimi,
349 2279 408 2351 ubi
442 2280 600 2353 invenias
632 2281 817 2364 ,dixeram
842 2281 977 2351 ratione
1012 2279 1154 2371 perfecti
1193 2278 1280 2362 fere,

155 2411 194 2464 ut
231 2393 336 2465 nobis
381 2393 527 2484 quidem
570 2396 725 2480 videtur,
775 2414 999 2486 usurpatum.
1052 2393 1158 2484 Quae
1197 2415 1280 2462 cum

155 2532 175 2575 a
209 2507 329 2579 Brixio
355 2509 398 2579 ad
431 2531 573 2581 versum
604 2509 813 2606 Capram
846 2511 1010 2579 adnotata
1041 2509 1124 2593 sint,
1162 2530 1281 2599 super·

155 2622 261 2695 sedeo
300 2622 361 2694 hic
397 2645 607 2713 proponere.
648 2628 769 2715 Atque
797 2625 826 2694 si
856 2623 971 2715 qualis
1000 2623 1044 2693 sit
1073 2622 1162 2692 ratio
1187 2623 1281 2713 plus·

154 2734 409 2826 quamperfecti
441 2736 661 2826 quaerimus,
694 2738 799 2807 nobis
832 2756 916 2808 sunt
943 2737 1154 2829 proferenda
1180 2737 1280 2805 haec.

157 2848 262 2939 Quae
282 2849 379 2921 enim
394 2868 473 2920 ante
498 2851 582 2921 haec
605 2874 625 2920 a
650 2851 754 2923 nobis
778 2870 987 2945 pertractata
1011 2870 1093 2920 sunt
1106 2851 1281 2943 exempla,

158 2963 192 3033 id
225 2962 404 3033 habebant
433 2985 638 3049 commune,
668 2982 708 3034 ut
738 2988 880 3057 semper
907 2967 1044 3035 adesset
1067 2965 1158 3034 actio
1180 2987 1282 3055 prae·

156 3074 275 3159 tetita,
306 3093 386 3147 ante
422 3099 531 3166 quam
559 3077 595 3147 id
624 3080 720 3169 quod
765 3079 1031 3169 exprimebatur
1073 3081 1282 3169 plusquam-

159 3187 315 3279 perfecto
341 3189 472 3261 factum
496 3210 599 3262 esset.
630 3191 763 3263 Contra
798 3193 834 3262 in
868 3192 923 3261 his
948 3192 1117 3283 exemplis
1142 3192 1281 3259 nullum

158 3304 256 3375 adest
284 3303 476 3394 perfectum
505 3307 559 3376 vel
590 3307 848 3397 imperfectum,
887 3310 930 3377 ad
965 3308 1061 3398 quod
1101 3306 1146 3375 sit
1183 3306 1284 3396 plus·

159 3417 463 3507 quamperfectum
502 3420 738 3492 referendum.
782 3422 892 3513 Quod
934 3446 979 3492 ne
1014 3421 1174 3513 Amph.
1215 3419 1284 3489 383

159 3532 306 3622 quidem
350 3532 401 3618 fit,
446 3533 508 3603 ubi
552 3544 807 3624 ,peccaveram
844 3561 916 3607 non
956 3538 1000 3606 ad
1040 3534 1283 3626 imperfectum

161 3643 328 3727 ,aiebam
357 3643 478 3716 referri
508 3662 639 3734 potest3
670 3656 922 3736 ‚peccaveram‘
953 3648 1049 3718 enim
1082 3670 1153 3717 non
1182 3668 1284 3738 prae-

160 3759 266 3843 cedit,
294 3758 354 3830 sed
383 3759 506 3829 eadem
535 3776 586 3830 est
616 3760 708 3830 actio
736 3785 829 3852 quae
857 3762 1067 3854 exprimitur
1090 3783 1174 3830 voce
1200 3759 1283 3844 ,aie-

162 3872 254 3954 bat‘3
291 3869 452 3942 similiter
489 3889 540 3940 est
575 3894 630 3940 res
670 3892 875 3965 comparata
899 3874 1044 3946 Stich.
1073 3878 1161 3944 251:
1195 3872 1285 3940 Gel:

160 3984 289 4054 Jamue
321 3994 404 4054 exta
444 3994 541 4054 cocta
570 3986 687 4069 suut?
730 3989 826 4078 Quot
863 3989 970 4078 agnis
993 3981 1171 4078 fecerat?
1210 3985 1285 4054 Cr:

162 4092 232 4164 Illa
270 4093 412 4186 quidem
451 4095 549 4165 nulla
585 4098 828 4183 sacrufisauit.
872 4100 998 4188 Neque
1036 4115 1154 4169 tamen
1186 4098 1285 4186 plus·
