3109 4584
700 206 946 281 ..12-

256 393 418 469 tempore
453 376 589 468 aliquid
624 378 658 447 in
693 379 815 448 animo
850 378 1028 448 habuisse.
1073 379 1207 450 Contra
1237 379 1327 448 alius
1356 381 1384 449 si

251 491 394 583 quaerit
416 513 457 561 ex
476 491 559 578 alio,
586 512 673 560 num
687 493 774 583 quid
792 492 875 562 isin
893 492 1014 562 animo
1031 492 1170 577 habeat,
1188 515 1270 561 cum
1293 492 1386 563 videt

251 604 389 696 aliquid
413 626 496 675 eum
521 605 698 676 facturum
727 629 816 689 esse,
852 606 971 676 minus
1004 606 1105 676 facile
1138 606 1189 691 fit,
1219 623 1260 674 ut
1282 629 1384 696 quae·

253 736 308 788 rat
340 719 388 788 ita
418 738 506 788 num
536 719 566 788 is
591 719 677 789 illud
704 720 775 790 iam
800 721 990 813 praeterito
1014 738 1175 811 tempore
1200 720 1235 789 in
1261 720 1385 789 animo

252 831 429 902 habuerit.
458 834 506 901 At
528 849 646 903 tamen
670 834 778 903 etiam
795 833 1002 903 huiusmodi
1019 832 1181 903 nonnulli
1201 833 1384 904 inveniun-

251 964 311 1016 tur
335 947 402 1016 loci
419 947 592 1017 Plautini:
619 948 734 1020 Cist.
758 950 821 1034 IV,
849 947 898 1035 ll,
919 952 984 1040 57:
1014 947 1112 1041 Quid
1124 943 1386 1041 quaeritabat?

253 1062 375 1131 Mers.
397 1062 485 1132 885:
505 1063 582 1153 Quo
600 1084 688 1132 nunc
707 1063 817 1133 ibas?
839 1064 973 1133 Most.
993 1087 1034 1155 9:
1060 1062 1199 1131 Hocine
1214 1061 1386 1131 volebas?

256 1173 375 1245 Huius
399 1175 537 1267 generis
562 1192 601 1244 ut
619 1175 794 1246 rationem
812 1175 1009 1247 accuratius
1029 1174 1300 1268 perspiciamus,
1317 1173 1384 1242 hoc

251 1304 309 1357 est
331 1289 756 1383 tenendum'imperlecto
781 1312 844 1381 per
867 1313 904 1360 se
929 1291 1017 1359 nihil
1043 1288 1193 1379 exprimi
1220 1287 1288 1357 nisi
1306 1306 1383 1357 rem

252 1424 330 1472 esse
361 1405 549 1493 praeterito
584 1422 744 1496 tempore
779 1405 1047 1496 imperfectam3
1083 1425 1171 1473 num
1207 1402 1314 1472 etiam
1348 1403 1382 1471 in

253 1516 452 1605 praesentia
475 1518 591 1602 duret,
615 1539 657 1587 ex
681 1540 802 1588 terum
818 1518 1027 1588 condicione
1053 1516 1285 1586 iudicandum
1309 1534 1379 1585 est:

251 1628 351 1719 quod
377 1628 412 1697 in
438 1630 493 1700 his
517 1631 663 1721 quidem
688 1631 859 1723 exemplis
884 1631 931 1701 ita
955 1653 1030 1701 esse
1055 1631 1090 1700 in
1110 1630 1299 1722 propatulo
1317 1647 1380 1698 est.

253 1747 302 1811 At
325 1760 408 1812 sunt
431 1745 591 1835 exempla
616 1744 651 1814 in
676 1746 821 1838 quibus,
847 1766 929 1814 cum
944 1746 1096 1814 eandem
1113 1743 1284 1813 rationem
1307 1764 1382 1811 esse

252 1873 498 1945 cognoscatur,
545 1875 663 1928 tamen
704 1860 904 1929 admissum
942 1859 987 1928 sit
1033 1880 1216 1949 praesens:
1265 1857 1379 1925 Men.

254 1968 346 2037 280:
377 1968 446 2038 Ubi
469 1981 553 2040 stmt
578 1972 741 2042 convivae
764 1969 906 2042 ceteri?
931 1972 996 2040 M:
1027 1973 1123 2063 Quos
1151 1981 1190 2039 tu
1219 1970 1383 2039 coactivas

252 2082 430 2172 quaeris?
459 2083 580 2153 Ibid.
616 2087 707 2176 675:
736 2087 828 2177 Quis
855 2108 907 2155 nte
931 2087 988 2156 lric
1013 2084 1190 2177 quaerit?
1228 2085 1377 2173 Amph.

254 2199 346 2285 542:
383 2199 478 2268 Num
508 2200 596 2291 quid
622 2199 706 2270 vis?
728 2202 914 2270 Accedunt
937 2223 977 2270 ea
1001 2201 1173 2290 exempla,
1198 2222 1289 2290 quae
1313 2198 1383 2265 col-

253 2309 340 2401 legit
363 2333 560 2403 eorumque
575 2330 740 2383 naturam
753 2313 917 2404 exposuit
932 2315 1167 2403 Draegerus.l
1194 2316 1313 2401 Atque
1329 2310 1384 2377 his

254 2423 403 2514 quidem
427 2448 468 2495 ex
488 2426 587 2513 locis,
614 2427 674 2496 ubi
701 2444 848 2520 apparet
865 2449 1045 2518 praesens.
1062 2425 1232 2496 continua
1249 2424 1384 2493 intelle·

251 2535 350 2625 gitur
387 2539 477 2607 actio
515 2563 534 2609 e
567 2541 950 2631 praeterito·tempore
985 2562 1097 2630 usque
1131 2539 1174 2607 ad
1216 2559 1382 2628 praesens

253 2649 389 2718 durans
435 2674 525 2742 quae
573 2675 644 2722 non
691 2654 970 2738 intermittatur3
1019 2653 1087 2722 illis
1134 2669 1252 2720 autem
1299 2649 1385 2719 locis

252 2762 318 2852 qui
353 2764 482 2835 habent
518 2767 778 2859 imperfectum,
820 2769 911 2838 duae
950 2769 1051 2859 quasi
1090 2786 1205 2858 partes
1237 2765 1385 2835 actionis

253 2877 517 2965 discernuntur,
551 2903 711 2971 quarum
751 2882 859 2951 altera
899 2898 1032 2972 spectat
1069 2883 1112 2950 ad
1153 2880 1383 2974 praeteritum

252 3007 409 3081 tempus,
435 2992 542 3062 altera
566 2994 610 3062 ad
635 3016 814 3085 praesens.
844 2996 893 3065 Ut
910 2996 1072 3085 exemplo
1095 3016 1150 3063 res
1176 2993 1384 3074 illustretur,

254 3105 286 3173 si
314 3109 377 3175 As.
406 3107 471 3197 392
498 3124 672 3177 mercator
695 3109 780 3177 dicit
796 3110 1073 3193 ,Demaenetum
1090 3108 1284 3188 volebam‘,
1301 3107 1386 3174 haec

254 3220 331 3310 ipsa
361 3219 504 3288 volendi
534 3221 623 3291 actio
660 3222 932 3314 interrumpitur
972 3223 1072 3313 quasi
1111 3220 1386 3311 interrogatione

256 3331 435 3402 interiecta
467 3332 631 3402 Libanii:
669 3328 768 3425 ,quid
802 3336 1017 3426 quaeritasl‘
1055 3337 1099 3406 Et
1123 3358 1166 3404 ne
1191 3334 1387 3426 perlectum

253 3446 400 3537 quidem
449 3447 533 3516 locis
572 3448 750 3518 similibus
793 3449 983 3541 respuitur,
1032 3450 1060 3518 si
1098 3450 1128 3519 is
1162 3449 1223 3540 qui
1266 3447 1383 3538 loqui·

252 3578 314 3629 tur
347 3582 421 3630 rem
460 3561 563 3650 plane
604 3563 647 3630 ad
687 3563 916 3652 praeteritum
956 3581 1097 3655 tempus
1141 3561 1258 3641 refert,
1293 3561 1388 3629 velut

253 3674 347 3744 Mil.
364 3675 472 3765 glor.
499 3679 607 3746 1025:
633 3676 730 3767 Quid
748 3699 801 3744 me
814 3676 993 3746 voluisti?
1018 3678 1074 3746 En
1093 3677 1201 3745 habes
1220 3695 1388 3765 magnam

252 3789 395 3860 dicendi
425 3791 629 3860 varietatem
664 3791 798 3861 ratione
832 3792 1010 3883 cogitandi
1045 3791 1166 3882 paullo
1201 3790 1388 3859 immutata

253 3902 430 3988 effectam,
454 3927 526 3994 qua
551 3923 752 3976 removetur
776 3907 943 3995 languor,
970 3923 1117 3996 augetur
1141 3921 1261 3973 autern
1285 3903 1383 3972 color

314 4153 324 4194 ἱ
341 4150 528 4209 Historische
544 4153 659 4225 Syntax
671 4155 700 4210 d.
715 4154 764 4210 lat.
778 4153 919 4227 Sprache.
933 4150 1069 4226 (Lipsiae
1079 4153 1175 4225 1878.)
1188 4151 1246 4209 vol.
1261 4152 1312 4222 1,§
1327 4168 1388 4207 121.
