3109 4584
594 160 737 232 ..73
786 205 840 219 -

150 339 256 430 Euge
269 349 410 430 optume
425 357 538 405 eccum
570 332 685 417 <buc>
717 327 858 398 aedium
873 326 1159 418 dominussoras
1176 328 1276 398 Simo

144 450 392 543 progreditur
419 452 537 542 ipsm:
567 447 631 516 lun
661 464 886 513 concessero..
907 442 1000 510 Mil.
1033 442 1148 533 glor.
1185 464 1274 512 noo:

153 566 314 655 Quaere:
338 586 403 656 ego
427 563 507 633 ltine
529 561 727 628 abscessero
746 557 892 625 interim
907 557 969 624 abs
986 567 1019 626 te
1035 557 1100 626 bue
1116 562 1174 640 (=
1193 557 1276 626 dum

152 679 296 770 quaeris
318 676 531 760 abscedam).
564 673 728 743 Pseud.
768 670 1089 760 571:‘Concedere
1111 671 1274 764 aliquan·

152 793 266 883 tisper
296 791 376 861 ltine
406 791 456 858 mi
471 790 583 858 ‚intro
614 786 720 867 lubet,
747 784 832 853 dum
856 786 1083 854 concenturio
1109 786 1144 854 in
1170 786 1278 856 corde

153 905 424 996 sucophantias:
456 902 583 972 tibicen
607 921 668 967 vos
698 899 834 967 interea
864 897 1105 969 delectaverit.
1145 900 1226 967 Tri
1240 924 1275 968 n.

156 1040 242 1109 744:
275 1008 378 1087 Nunc
406 1017 441 1084 si
470 1013 635 1106 opperiri
661 1011 716 1080 vis
746 1010 933 1079 adventum
963 1012 1166 1094 Charmidi,
1192 1035 1279 1103 per-

95 1152 97 1155 ’
155 1133 333 1224 longumst
348 1157 358 1199 .·
404 1131 485 1200 ltuic
525 1125 676 1196 ducendi
719 1125 856 1194 interea
896 1125 1106 1194 abscesserit
1143 1124 1276 1194 lubido.

156 1253 272 1335 Atque
311 1244 365 1313 his
400 1243 544 1334 quidem
574 1240 659 1309 locis
691 1238 823 1307 accedit
853 1239 896 1306 ad
928 1237 1086 1307 futurum
1121 1256 1279 1307 exactum

157 1358 327 1449 particula
373 1357 546 1442 ‚interea‘‚
599 1376 669 1443 qua
714 1352 909 1420 accuratius
948 1352 1036 1420 ratio
1075 1354 1281 1442 temporalis

158 1473 276 1543 futuro
315 1472 350 1541 11
390 1471 543 1539 indicata
576 1468 830 1537 describatur:
877 1490 917 1536 ex
958 1491 1029 1557 quo
1070 1468 1282 1561 intellegitur

157 1587 318 1654 futurum
348 1585 383 1654 11
427 1584 524 1651 nulla
563 1582 643 1651 alia.
668 1582 712 1650 de
755 1604 861 1650 causa
894 1582 1078 1667 adhiberi,-
1102 1607 1210 1673 quam
1243 1604 1281 1654 ut

160 1700 247 1770 ratio
272 1698 477 1788 temporalis
508 1698 610 1786 plene
644 1695 872 1784 significetur.
910 1697 1067 1788 Longius
1092 1720 1175 1768 vero
1198 1722 1282 1790 pro-

160 1817 240 1885 latis
273 1814 403 1883 finibus
435 1813 593 1881 futurum
625 1828 785 1880 exactum
817 1810 1005 1881 adhibetur
1035 1837 1055 1882 a
1084 1815 1211 1883 Plauto
1242 1838 1282 1883 ea

160 1929 306 2010 ratione,
339 1947 377 1996 ut
408 1927 472 1996 etsi
501 1926 590 1995 actio
623 1926 698 2016 ipsa
729 1943 809 1994 ante
841 1950 948 2016 quam
983 1928 1117 2018 aliquid
1151 1929 1282 1999 factum

160 2046 224 2114 erit
262 2068 331 2113 noa
371 2043 609 2134 exprimatur,
652 2060 686 2109 at
724 2058 816 2109 certe
857 2041 952 2110 illius
994 2043 1071 2112 loco
1111 2046 1282 2135 temporis

158 2161 265 2228 futuri
298 2177 517 2228 momentum
553 2157 696 2248 cogitari
725 2157 848 2246 possit.
893 2157 1002 2246 Quod
1036 2160 1065 2227 si
1095 2161 1147 2245 fit,
1181 2184 1282 2251 saepe

42 2349 47 2358 ¹
160 2276 273 2344 existit
290 2275 387 2343 notio
404 2271 602 2355 celeritatis7
628 2272 805 2340 interdum
831 2294 974 2362 quoque
998 2273 1107 2343 animi
1126 2277 1283 2365 prompti

161 2409 264 2481 atque
289 2391 377 2469 adeo
402 2387 572 2479 procacis.
601 2387 704 2455 Hanc
728 2388 1045 2456 autem'notionem
1070 2389 1119 2458 sic
1149 2391 1283 2480 optime

160 2506 328 2575 vertendo
361 2502 631 2585 illustrabimus‚
671 2520 708 2569 ut
748 2524 872 2570 vocem
906 2504 1042 2588 ‚schon‘
1076 2505 1282 2574 adiciamus

162 2622 260 2692 Cas.
299 2620 383 2711 193:
417 2619 501 2709 Ego
524 2617 590 2708 pol
622 2618 730 2685 istam
765 2618 836 2685 lam
868 2617 988 2708 aliquo
1019 2641 1161 2687 vorsum
1207 2631 1286 2688 tra-

159 2735 282 2826 gulam
317 2732 492 2802 decidero.
537 2731 672 2799 Most.
716 2731 805 2799 526:
847 2731 915 2800 Nil
943 2754 995 2799 me
1025 2734 1195 2815 curassis,
1232 2735 1286 2801 in·

161 2868 287 2941 quam:
315 2870 379 2939 ego
409 2846 459 2914 mi
482 2844 690 2937 providero.
727 2848 841 2915 Men.
879 2868 971 2936 427:
1012 2846 1172 2915 Ecastor
1201 2847 1287 2916 lazet

163 2962 275 3031 iuvita
296 2961 434 3051 fecero.
467 2959 588 3028 Ibid.
618 2962 710 3046 545:
742 2960 800 3027 Da
824 2959 926 3028 sodes
950 2983 1014 3050 aps
1038 2970 1093 3028 te:
1115 2971 1198 3050 post
1222 2983 1287 3052 ego

163 3074 355 3143 reddidero
385 3073 464 3141 tibi.
501 3073 596 3141 Mil.
633 3073 749 3162 glor.
784 3073 874 3142 863:
910 3074 1049 3143 Missus
1080 3097 1156 3143 sum
1188 3075 1286 3144 alio:

165 3189 235 3257 iam
268 3189 333 3257 bue
368 3208 543 3255 revenero.
587 3187 731 3254 Persa
765 3188 832 3255 50:
876 3187 925 3253 S:
959 3188 1008 3256 At
1037 3188 1103 3278 pol
1131 3210 1196 3280 ego
1226 3188 1289 3256 abs

165 3314 198 3371 te
232 3322 442 3370 concessero.
490 3301 542 3368 T:
573 3301 699 3368 lamne
730 3299 841 3368 abis?
873 3301 1036 3368 Pseud.
1074 3302 1163 3371 350:
1195 3304 1288 3371 Nam

164 3415 251 3483 burn
264 3415 388 3506 sames
417 3415 487 3483 iam
516 3413 701 3483 occiderit.
735 3415 871 3482 Merc.
908 3437 992 3502 140:
1023 3418 1075 3484 At
1106 3427 1144 3484 tu
1169 3416 1290 3507 edepol

165 3540 203 3596 tu
227 3527 386 3596 calidam·
400 3528 514 3617 picem
538 3526 671 3595 bibito:
696 3527 891 3618 aegritudo
915 3528 1133 3597 abscesserit.
1161 3531 1287 3598 Truc.

167 3647 255 3734 547:
286 3645 363 3734 Quo
390 3654 534 3712 vocatus
560 3666 637 3712 sum
663 3643 718 3710 ire
742 3643 791 3711 ad
819 3665 959 3712 cenam:
992 3666 1075 3712 mox
1106 3644 1171 3713 lruc
1194 3646 1291 3714 cubi-

165 3768 239 3827 tum
281 3755 440 3826 venero?
479 3757 563 3846 Quo
604 3758 682 3825 loco
725 3758 758 3824 id
800 3775 851 3825 est
892 3759 1088 3827 notandum
1125 3759 1290 3827 'futurum

165 3891 323 3942 exactum
354 3871 499 3964 perinde
532 3889 636 3962 atque
662 3871 867 3961 saepissime
891 3872 1051 3940 futurum
1077 3874 1091 3940 Ι
1118 3874 1291 3962 accepisse

127 4054 131 4061 .
165 3987 350 4056 notionem
375 3985 657 4055 deliberativam.
685 3988 814 4055 Most.
843 3987 933 4075 926:
973 3987 1033 4055 Vel
1056 3988 1107 4056 mi
1130 3986 1291 4056 denume-

168 4112 274 4170 rato:
308 4122 373 4192 ego
407 4099 467 4169 illi
489 4099 772 4170 denumeravero.
