3109 4584
602 210 846 282 ..ῃ-

161 374 306 444 rationis
339 377 626 447 continuatum.¹
670 379 806 449 Deinde
845 381 911 448 hoc
949 381 1027 471 ipso
1066 381 1102 449 in
1143 405 1285 474 genere,

159 490 254 577 quod
289 512 385 558 nunc
417 509 686 581 pertractamus,
726 515 892 582 praesens
923 517 988 584 pro
1022 493 1210 586 praeterito
1244 517 1286 563 ea

160 603 203 671 de
238 626 344 672 causa
383 604 527 694 ponitur
564 608 766 696 quodnon
805 625 879 676 tam
912 631 1027 677 unum
1065 609 1155 678 illud
1194 625 1286 677 tem·

160 716 256 807 poris
279 734 505 787 momentum
534 718 721 809 respicitur
751 743 824 810 quo
857 721 947 791 actio
971 738 1024 790 est
1047 722 1150 806 facta,
1175 742 1285 810 quam

160 832 321 901 condicio
365 832 400 900 in
441 855 512 923 qua
552 832 678 922 aliquis
726 856 808 902 cum
856 835 942 925 quid
989 835 1069 904 fecit
1112 851 1284 903 versetur.

161 948 264 1037 Quae
282 969 364 1015 cum
387 948 442 1016 vel
467 947 502 1015 in
517 949 717 1039 praesentia
734 950 863 1028 durare
882 949 1006 1040 possit,
1031 968 1121 1019 recte
1137 970 1285 1038 usurpa·

158 1076 216 1128 tur
239 1081 415 1150 praesens.
436 1056 600 1130 Similem
617 1059 653 1127 in
670 1062 821 1129 modum
846 1062 1046 1131 adhibitum
1072 1061 1222 1130 occurrit
1248 1061 1284 1133 in

159 1173 343 1244 Ciceronis
366 1173 527 1264 epistulis
552 1173 640 1242 illud
667 1177 778 1266 ,quod
804 1177 955 1247 scribis‘.
982 1176 1039 1248 Cf.
1058 1176 1286 1245 etiamvoca·

159 1288 242 1356 bula
259 1310 382 1379 graeca
398 1287 497 1354 ἀκούω
514 1311 578 1378 pro
595 1286 726 1375 ἀκήκοα,
750 1289 850 1356 τίκτω
873 1314 938 1382 pro
962 1291 1077 1356 ἔτεκον.
1102 1294 1151 1358 At
1166 1305 1285 1357 tamen

160 1401 223 1470 hac
256 1401 290 1469 in
324 1424 361 1470 re
394 1401 485 1470 inter
516 1426 552 1472 se
585 1403 810 1472 consentiunt
836 1405 903 1472 hoc
926 1426 1036 1494 genus
1061 1419 1095 1471 et
1119 1424 1288 1493 praesens

160 1516 381 1601 historicum,
415 1518 511 1606 quod
536 1540 653 1586 sermo
677 1518 714 1587 fit
744 1518 896 1587 alacrior
924 1517 1186 1607 excitatiorque.
1219 1519 1286 1584 At-

158 1651 226 1721 que
255 1652 421 1719 praesens
454 1631 598 1720 quidem
632 1632 696 1700 hac
720 1632 868 1715 rarione,
902 1653 1108 1722 quanquam
1137 1652 1208 1698 non
1234 1648 1287 1698 est

158 1766 325 1836 praesens
343 1743 567 1829 historicum,
586 1746 629 1815 de
645 1747 750 1815 rebus
761 1745 960 1836 praeteritis
975 1744 1140 1834 usurpari
1155 1759 1282 1833 potest.

248 1857 382 1928 Contra
420 1858 667 1948 imperfectum
701 1861 795 1950 apud
831 1860 999 1928 Plautum
1033 1857 1191 1947 aliosque
1225 1880 1288 1926 co-

158 1973 269 2041 micos
304 1993 384 2040 eam
413 1973 591 2041 interdum
622 1990 830 2064 potestatem
865 1973 982 2056 habet,
1019 1988 1058 2039 ut
1095 1985 1287 2059 usurpetur

158 2086 201 2157 de
237 2087 343 2154 rebus
381 2102 540 2176 tempore
579 2105 613 2156 et
651 2086 839 2177 praeterito
876 2104 911 2154 et
946 2083 1120 2176 praesenti
1157 2083 1287 2149 duran·

158 2200 266 2267 tibus.
279 2203 346 2268 As.
366 2199 433 2291 392
449 2223 456 2267 :
474 2201 528 2267 L:
547 2198 645 2290 Quid
658 2198 871 2291 quaeritas?
885 2200 951 2267 M:
963 2200 1213 2268 Demaenetum
1228 2217 1286 2263 no·

91 2325 93 2329 '
158 2312 280 2381 lebam.
300 2312 411 2381 Ibid.
429 2314 498 2400 486
515 2339 522 2380 :
539 2312 592 2380 Ei
606 2313 770 2381 nunciam
791 2311 839 2381 ad
858 2335 957 2382 erum
972 2334 1040 2404 quo
1057 2332 1173 2392 vocas,
1193 2310 1287 2377 iam-

157 2426 290 2496 dudum
312 2449 378 2518 qno
403 2427 552 2496 volebas.
581 2427 699 2511 Ibid.
727 2431 818 2515 452:
838 2427 909 2496 Sed
925 2429 960 2496 si
973 2426 1119 2507 domist,
1136 2425 1285 2493 Demae-

158 2553 274 2611 netum
299 2541 467 2610 volebam.
504 2542 661 2610 Bacch.
690 2544 777 2613 188:
809 2543 865 2610 P:
891 2543 1024 2632 Nempe
1048 2551 1141 2608 recte
1164 2535 1288 2606 ualet?

159 2656 255 2724 Cirr:
274 2655 372 2723 Istuc
385 2654 541 2722 volebam
556 2677 622 2746 ego
645 2678 689 2724 ex
713 2667 746 2724 te
766 2655 1030 2746 percontarier.
1065 2653 1158 2724 Cas.
1190 2653 1282 2745 489:

156 2768 217 2838 Ad
232 2780 264 2837 te
279 2767 394 2837 hercle
408 2767 501 2836 ibam
515 2769 746 2837 commodum.
772 2769 891 2838 Ibid.
909 2771 966 2840 81:
993 2770 1097 2836 Nunc
1106 2789 1171 2858 ego
1189 2767 1287 2836 ibam

157 2880 204 2949 ad
220 2891 264 2949 te.
285 2880 384 2951 Cist.
405 2880 455 2966 ll,
474 2880 543 2965 ΙΙΙ,
566 2903 627 2972 79:
647 2883 670 2949 I
683 2904 750 2973 quo
761 2882 998 2973 properabas.
1025 2881 1171 2953 Stich.
1191 2879 1283 2971 327:

156 2995 212 3062 P:
237 2995 318 3062 Ean
341 2994 471 3085 gratia
492 2994 593 3083 foris
615 2993 814 3086 effringis?
841 2995 896 3062 G:
927 2994 1023 3063 Tuos
1039 2992 1205 3074 inclama,
1227 2993 1287 3060 tui
1390 3032 1394 3038 ·

157 3108 383 3198 delinquont:
412 3130 477 3199 ego
508 3106 594 3198 quid
621 3131 673 3176 me
701 3108 807 3177 velles
835 3109 999 3177 visebam.
1030 3108 1158 3177 Trin.
1196 3109 1281 3198 195:

157 3223 254 3290 Istuc
269 3221 553 3295 volebamscire.
578 3222 680 3291 Aul.
710 3225 797 3313 549:
826 3223 889 3291 M:
919 3221 1017 3314 Quid
1041 3232 1080 3290 tu
1102 3231 1135 3289 te
1150 3221 1287 3290 soluse

156 3345 279 3405 senatu
306 3334 474 3404 revocas?
499 3336 558 3404 E:
584 3337 656 3405 Pol
680 3359 745 3428 ego
769 3347 807 3405 nt
834 3348 867 3406 te
889 3358 1043 3406 accusem
1065 3334 1194 3404 merito
1212 3308 1286 3429 nie7

157 3448 315 3517 ditabor.
340 3448 474 3516 Truc.
502 3472 593 3540 921:
618 3453 670 3519 At
695 3473 760 3539 ego
784 3449 833 3519 ad
849 3461 881 3519 te
903 3451 1009 3534 ibam,
1035 3471 1110 3518 mea
1134 3446 1281 3516 delicia.

158 3560 213 3631 Cf.
236 3560 330 3628 Ter.
358 3563 492 3630 Andr.
518 3564 607 3632 256:
642 3562 749 3632 Video
771 3585 856 3654 quos
877 3563 1044 3632 volebam.
1073 3560 1165 3630 Ibid.
1192 3560 1283 3629 581:

155 3674 216 3744 Ad
240 3686 273 3744 te
295 3675 400 3743 ibam.
425 3680 543 3767 Atque
568 3678 619 3746 illi
640 3678 787 3767 quidem
812 3678 879 3748 loci
905 3666 952 3746 ita
976 3694 1057 3745 sunt
1072 3675 1284 3765 comparati,

158 3808 196 3859 ut
226 3790 255 3858 is
286 3790 346 3879 qui
371 3791 528 3881 loquitur
552 3794 596 3862 de
621 3816 656 3862 se
682 3794 757 3884 ipse
788 3793 922 3884 aliquid
955 3792 1068 3861 dicat:
1099 3790 1161 3859 ubi
1192 3790 1282 3858 nihil

157 3927 239 3972 sane
274 3904 435 3993 impedit,
470 3907 664 3996 quominus
689 3908 887 3998 quisdicat
919 3929 956 3974 se
990 3905 1061 3974 iam
1090 3904 1286 3996 praeterito

228 4174 239 4212 1
260 4169 407 4243 Exceptio
422 4167 555 4242 legitima
570 4182 615 4225 est
633 4170 848 4239 statuendam,
864 4184 954 4241 quam
969 4185 996 4240 p.
1011 4185 1043 4222 21
1064 4164 1228 4222 attulimus.
