3109 4584
731 178 979 257 ..22-

378 353 505 442 Neque
534 366 709 442 repugnat
740 350 808 443 legi
833 353 1009 443 quamde
1034 351 1231 446 imperfecti
1256 367 1290 422 et
1317 374 1421 442 prae·

287 462 396 532 sentis
426 461 583 533 historici
619 462 826 535 discrimine
866 466 1077 548 statuimus,
1109 465 1206 559 quod
1242 465 1277 536 in
1320 487 1417 534 non·

288 577 396 647 nullis
425 576 594 669 exemplis
631 577 722 647 inter
760 600 798 648 se
834 578 1026 649 simillimis
1067 580 1124 651 hic
1167 579 1424 671 imperfectum

289 691 359 763 illic
374 713 541 783 praesens
559 691 768 763 historicum
786 692 930 763 obviam
946 695 986 764 fit
998 695 1058 784 (cf.
1074 717 1165 766 vers.
1178 695 1332 785 Amph.
1345 695 1421 765 668

288 822 322 875 et
349 804 489 901 Capt.
518 804 585 874 282
611 825 695 873 cum
721 827 814 876 vers.
848 807 981 877 Most.
1015 831 1116 900 1117,
1142 807 1271 879 deinde
1303 806 1417 877 Men.

292 920 381 990 1136
412 939 497 993 cum
520 940 610 989 vers.
642 922 757 1008 1145).
787 921 867 993 Hoc
900 921 997 992 enim
1024 921 1217 992 discrimen
1245 938 1422 990 nontam

288 1031 330 1100 ad
364 1053 438 1102 rem
469 1030 596 1127 ipsam,
625 1053 733 1122 quarn
765 1033 811 1101 ad
845 1033 1018 1103 rationem
1046 1033 1223 1125 cogitandi
1251 1031 1418 1123 pertinet.

289 1145 385 1214 Nam
421 1145 556 1217 Most.
603 1168 690 1236 ¹¹¹7
721 1163 756 1215 et
790 1147 906 1217 Men.
944 1151 1030 1236 1145
1065 1146 1241 1218 enuntiati
1279 1163 1421 1237 tempo·

289 1258 371 1329 ralis
406 1275 517 1328 status
534 1278 536 1283 ·
553 1259 686 1329 durans
718 1260 866 1352 fingitur
904 1261 1140 1332 intercedente
1179 1261 1315 1330 actione
1348 1260 1421 1351 pri·
1522 1314 1523 1325 .

288 1371 424 1459 maria:
458 1372 493 1442 id
517 1373 615 1464 quod
642 1391 736 1444 certe
766 1375 841 1444 fieri
872 1391 999 1468 potest.
1032 1374 1087 1464 (cf.
1114 1375 1158 1444 de
1182 1375 1297 1444 Men.
1329 1377 1418 1462 1145

289 1507 323 1575 p.
361 1472 431 1573 54).
457 1486 592 1557 Contra
624 1486 747 1577 Capt.
778 1488 860 1572 282,
885 1487 1048 1579 Amph.
1073 1485 1289 1571 mallen.
1327 1487 1418 1555 1136
1523 1506 1524 1527 ι

289 1597 318 1667 is
360 1597 423 1689 qui
469 1598 628 1690 loquitur
667 1599 755 1669 nihil
796 1600 994 1691 exprimere
1032 1600 1107 1668 vult
1144 1598 1212 1668 nisi
1260 1600 1420 1669 actiones

289 1711 498 1803 primariam
540 1730 574 1782 et
616 1714 862 1784 secundariam
905 1715 948 1784 ad
993 1714 1088 1784 idem
1133 1713 1206 1784 fere
1244 1713 1418 1804 temporis

288 1823 442 1915 spatium
468 1826 655 1916 pertinere.
673 1831 683 1871 ¹
870 1920 874 1925 ᾖ
1524 1892 1525 1903 .

375 1943 493 2030 Atque
530 1940 586 2010 hic
621 1941 770 2032 quidem
811 1959 864 2011 est
902 1966 987 2011 usus
1026 1944 1221 2036 praesentis
1256 1942 1418 2014 historici
1525 1976 1526 1995 2

286 2073 369 2121 cum
392 2053 640 2124 coniunctione
666 2062 805 2147 ,quom‘
823 2056 1012 2126 coniuncti.
1035 2058 1149 2127 Aliter
1166 2079 1221 2126 res
1238 2080 1275 2127 se
1293 2056 1411 2137 habet,

286 2166 329 2251 si,
373 2166 409 2235 id
446 2168 544 2258 quod
581 2167 619 2235 fit
656 2169 779 2259 paucis
809 2169 895 2238 locis
928 2193 947 2238 a
978 2169 1180 2240 Luebberto
1212 2191 1291 2260 pag.
1329 2190 1409 2260 174,

293 2281 369 2371 178,
408 2283 470 2351 183
488 2281 614 2369 allatis,
633 2283 825 2373 particulae
844 2302 1060 2375 postquam,
1078 2283 1154 2369 ubi,
1170 2300 1223 2368 ut,
1239 2281 1410 2373 quoniam

286 2395 538 2487 significatione
568 2396 743 2480 ,seitdem‘
776 2397 945 2467 indutae*
976 2419 1060 2466 cum
1089 2396 1263 2489 praesenti
1301 2394 1411 2463 histo·

256 2561 259 2569 .
286 2510 359 2579 rico
389 2511 666 2601 coniunguntur.
702 2510 786 2602 Qua
810 2512 845 2580 in
871 2510 1058 2601 temporali
1081 2509 1293 2580 condicione
1320 2507 1412 2576 actio

287 2623 456 2713 primaria
506 2625 544 2695 fit
580 2625 731 2694 durante
771 2624 1004 2694 secundaria:
1056 2646 1098 2694 ex
1144 2645 1217 2713 quo
1263 2621 1414 2692 efficitur

286 2756 452 2826 praesens
468 2737 679 2807 historicum
693 2737 854 2808 obtinere
879 2740 997 2808 locum
1016 2735 1226 2827 imperfecti,
1259 2735 1295 2804 id
1313 2733 1407 2824 quod

288 2849 353 2941 legi
370 2850 415 2919 de
445 2850 617 2941 particula
649 2856 788 2940 ,quom‘
812 2866 961 2920 statutae
986 2848 1204 2919 contrarium
1221 2863 1283 2916 est.
1305 2846 1410 2917 Falso

360 3211 371 3256 1
390 3209 481 3267 Vides
496 3227 587 3284 quam
602 3222 631 3266 et
644 3219 820 3265 constanter
833 3219 862 3264 et
875 3205 1017 3262 distincte
1035 3204 1161 3261 Plautus
1174 3216 1311 3277 tempora
1326 3200 1415 3258 adhi-

289 3296 365 3353 beat.
382 3296 474 3366 Quod
487 3311 549 3369 quo
562 3292 657 3367 magis
671 3291 848 3362 illustretur,
863 3290 937 3348 illud
950 3288 1054 3359 affero,
1076 3289 1171 3359 ,dum‘
1195 3285 1415 3362 significatione

290 3397 336 3450 ,so
349 3379 435 3453 lange
450 3377 502 3434 als‘
523 3377 664 3437 indutum
679 3375 848 3434 consociari
862 3392 924 3432 uno
938 3373 1076 3449 exemplo
1092 3383 1217 3447 excepto
1230 3372 1268 3440 (T
1270 3387 1332 3427 rue.
1354 3369 1417 3440 164)

289 3479 358 3518 cum
382 3459 530 3535 perfecto,
559 3472 664 3518 contra
685 3465 814 3534 ,quom‘,
836 3456 860 3516 si
883 3457 933 3515 illa
957 3454 1101 3532 temporis
1130 3452 1272 3512 condicio
1302 3451 1415 3512 subest.

289 3561 408 3619 semper
420 3543 563 3618 coniungi
579 3560 649 3600 cum
664 3541 851 3617 imperfecto.
873 3541 964 3611 Quod
977 3538 1137 3596 discrimen
1151 3538 1229 3594 hanc
1239 3536 1331 3593 habet
1345 3551 1418 3591 cau-

289 3649 353 3689 sam
377 3630 460 3704 quod
480 3645 585 3704 perse
607 3630 724 3703 ,quom‘
746 3626 853 3684 latiore
872 3623 1094 3700 significatione
1114 3634 1167 3683 est.
1191 3638 1261 3678 cum
1282 3617 1358 3695 nihil
1381 3620 1418 3675 de

289 3713 476 3772 accuratiore
491 3710 638 3787 temporis
651 3708 830 3768 condicione
844 3708 973 3779 indice13
994 3706 1095 3780 itaque
1110 3707 1147 3761 ad
1163 3704 1243 3760 illam
1258 3701 1419 3759 notionem

290 3796 477 3855 efficiendam
497 3795 669 3855 necessario
695 3795 753 3852 sibi
766 3792 892 3851 assumit
905 3790 1133 3865 imperfectum3
1153 3799 1259 3845 contra
1272 3785 1420 3861 particula

291 3882 385 3948 ,dum‘
418 3879 553 3937 adhibita
580 3880 661 3937 nulla
684 3876 853 3936 obscuritas
880 3874 995 3934 oboriri
1022 3885 1137 3949 potest,
1170 3871 1227 3931 etsi
1252 3870 1420 3946 perfectum

290 3963 480 4022 adhibeatur.
1094 3974 1096 3978 ⁴

362 4063 376 4103 ²
395 4061 454 4118 Sed
476 4058 561 4117 facile
580 4059 733 4135 intellegas
753 4076 790 4116 ex
812 4055 956 4132 exemplis
976 4053 1047 4131 ipsis
1061 4053 1180 4112 notioni
1193 4050 1352 4127 temporali
1368 4049 1422 4107 ali-

294 4144 368 4218 quid
383 4143 556 4223 admixtum
570 4160 632 4200 esse
646 4141 781 4200 notionis
797 4140 935 4199 causalis.
