3109 4584
713 194 960 268 ..44-

272 367 387 451 detur,
418 368 484 436 hoc
508 366 643 435 dictum
668 384 732 450 est,
766 384 871 457 atque
900 384 939 434 ut
953 358 955 361 ’
969 366 1016 435 ita
1049 365 1166 434 dicam
1196 360 1400 433 absolutius

273 503 382 572 quam
411 503 497 565 ,non
527 480 614 549 ibo‘.
648 479 705 552 Cf.
743 481 825 551 Ter.
859 481 993 551 Andr:
1026 480 1116 550 321:
1156 479 1278 547 Hodie
1309 497 1401 544 uxo-

273 615 348 662 rem
375 589 510 662 ducis?
540 593 655 662 lbid.
684 593 773 666 352:
804 595 886 663 Non
916 593 981 663 dat
1010 593 1080 662 'tibi
1110 608 1270 661 uxorem:
1396 603 1399 607 ’

362 704 456 777 Satis
483 706 590 797 igitur
613 706 715 775 certis
740 706 939 776 rationibus
962 726 1129 798 praesens
1152 722 1267 795 partes
1289 703 1400 772 futuri

272 821 368 910 apud
402 821 572 891 Plautum
601 821 758 913 suscipit.
794 820 904 912 Quod
937 842 1011 911 quo
1042 819 1233 888 dilucidius
1264 819 1337 903 fiat3
1356 820 1400 887 de

275 931 430 1023 quodam
456 954 580 1023 genere
612 932 753 1002 dicendi
783 954 894 1022 pauca
931 949 1013 1000 sunt
1042 931 1231 1014 afferenda,
1265 931 1301 999 in
1328 953 1401 1020 quo

276 1068 459 1136 nunquam
483 1069 648 1137 praesens
677 1070 742 1137 pro
773 1047 893 1117 futuro
925 1046 1143 1115 admittatur.
1169 1045 1275 1117 Certa
1304 1045 1400 1115 enim

276 1163 349 1253 lege
381 1161 501 1233 futuro
533 1181 609 1232 turn
639 1165 752 1233 utitur
783 1164 945 1245 Plautus,
975 1184 1055 1230 cum
1087 1161 1116 1230 is
1147 1162 1210 1252 qui
1242 1162 1401 1253 loquitur

276 1276 409 1346 indicat
445 1299 481 1346 se
520 1277 592 1346 iam
625 1277 760 1367 aliquid
799 1276 975 1346 facturum
1005 1277 1057 1345 vel
1092 1277 1271 1345 dicturum
1310 1299 1396 1345 esse.

280 1390 402 1460 Huius
437 1390 589 1481 generis,
638 1393 734 1482 quod
773 1414 854 1461 curn
893 1391 1011 1460 medio
1053 1390 1087 1459 in
1130 1389 1289 1459 diverbio
1323 1408 1400 1458 turn

274 1501 430 1571 maxime
487 1503 523 1572 in
571 1504 729 1574 clausula
778 1526 965 1575 scenarum
1016 1528 1083 1573 usu
1133 1502 1242 1588 venit,
1287 1525 1400 1571 unum

275 1616 470 1685 alterumve
508 1619 711 1708 exemplum
746 1618 871 1687 afferre
908 1616 1065 1687 sufficiet.
1108 1616 1273 1687 Pseud.
1306 1635 1397 1701 414:

274 1727 379 1796 Nunc
418 1726 483 1795 ltuc
527 1729 722 1812 concedam,
770 1740 811 1798 ut
858 1731 984 1799 horum
1030 1749 1224 1798 sermonem
1269 1726 1397 1818 legam.

274 1841 407 1910 Poen.
437 1864 527 1933 900:
558 1842 639 1911 Hos
655 1844 927 1933 percontabor.¹
955 1845 1062 1913 Recte
1087 1860 1205 1911 autem
1221 1843 1287 1910 hoc
1306 1842 1400 1908 iutu-

274 1978 353 2026 tum
371 1957 541 2047 appellari
558 1975 674 2047 potest
689 1957 964 2044 voluntantum,
983 1959 1078 2048 quod
1092 1957 1175 2026 eius
1200 1957 1262 2047 qui
1282 1956 1398 2046 loqui·
1476 2052 1478 2057 ³
1536 1936 1537 1941 ἵ

272 2087 332 2138 tur
369 2072 532 2140 voluntas
571 2070 758 2140 indicatur.
807 2073 929 2162 ltaque
967 2073 1184 2163 intellegitur
1228 2071 1399 2139 Plautum

272 2206 382 2274 quam
420 2184 684 2254 distinctissime
723 2186 774 2254 uti
814 2186 943 2276 opibus
981 2188 1025 2256 ab
1064 2186 1184 2277 lingua
1231 2183 1398 2276 praebitis

273 2301 318 2369 ad
351 2323 405 2369 res
434 2301 622 2370 commode
653 2301 918 2394 exprimendam
957 2325 1072 2392 neque
1109 2302 1205 2370 enirn
1234 2322 1399 2390 praesens

275 2414 411 2483 notioni
436 2415 676 2485 voluntativae
701 2435 793 2487 recte
818 2417 1027 2486 indicandae
1054 2415 1237 2485 sufficeret.

365 2528 436 2601 Sed
461 2535 544 2598 cum
568 2532 796 2601 statuerimus
827 2533 893 2601 hoc
924 2532 960 2600 in
994 2553 1121 2623 genere
1145 2529 1284 2619 dicendi
1315 2551 1399 2597 con-

273 2662 405 2713 stanter
428 2644 590 2713 futurum
619 2645 792 2730 adhiberi,
819 2654 983 2713 nostrum
1014 2662 1066 2713 est
1099 2667 1140 2713 ea
1173 2667 1263 2734 quae
1296 2660 1401 2733 repu-

272 2779 381 2848 gnare
405 2757 570 2827 videntur
593 2758 966 2850 exemplaaccuratius
984 2775 1206 2849 pertractare.
1234 2756 1399 2825 Primum

275 2871 343 2939 huc
367 2871 545 2962 pertinent
576 2874 727 2962 Amph.
768 2873 853 2961 1143
871 2884 891 2940 τ’
913 2872 997 2964 Ego
1028 2873 1065 2941 in
1094 2872 1229 2941 caelum
1263 2871 1396 2962 migro.

276 2982 447 3055 Praesens
472 3003 562 3056 recte
586 2988 753 3078 ponitur3
781 3002 863 3057 nam
888 3010 971 3056 curn
995 2988 1043 3056 ita
1067 2987 1224 3076 loquitur
1243 2985 1398 3075 Jupiter,

275 3099 346 3167 iam
385 3099 421 3167 in
455 3101 591 3169 caelum
622 3092 775 3192 migrare
808 3101 934 3192 coepit.
963 3101 1076 3171 lbid.
1118 3104 1229 3187 1145:
1265 3101 1327 3168 lbo
1353 3094 1401 3166 ad

273 3233 422 3280 uxorem
443 3212 563 3282 intro:
597 3215 742 3284 missum
769 3216 877 3307 facio
921 3215 1100 3284 Tiresiam
1130 3236 1254 3282 senem.
1299 3213 1400 3295 ‚Mis-

274 3346 356 3392 sum
380 3324 484 3394 facio'·
510 3349 572 3416 per
594 3350 630 3395 se
649 3351 731 3397 sane
758 3329 956 3420 significare
973 3345 1087 3418 potest
1110 3345 1179 3395 aut·
1196 3326 1400 3411 ,dimittere‘

274 3456 336 3506 aut
360 3440 589 3531 ‚neglegere‘3
615 3442 712 3531 quod
737 3442 767 3510 si
792 3442 852 3510 illa
876 3442 974 3511 notio
998 3459 1089 3511 esset
1112 3440 1311 3524 statuenda,
1344 3460 1397 3507 res

273 3570 367 3620 esset
398 3551 516 3622 futura
551 3553 851 3646 intercederetque
891 3556 1038 3625 demum
1077 3576 1159 3623 cum
1199 3554 1318 3622 ivisset
1356 3553 1399 3619 ad

275 3687 437 3747 uxorem;
465 3668 527 3735 sed
552 3686 586 3737 et
610 3691 733 3737 sensus
758 3688 792 3737 et
815 3669 1045 3761 grammatica
1074 3668 1162 3737 ratio
1187 3667 1310 3736 iubent
1334 3688 1398 3734 nos

276 3779 342 3847 hoc
366 3779 409 3848 de
433 3781 591 3851 Tiresiae
615 3783 749 3852 ratione
774 3805 846 3853 non
869 3784 1031 3853 habenda
1047 3783 1276 3872 intellegere:
1305 3803 1404 3871 quaew

279 4136 285 4147 ι
347 4059 359 4097 ¹
379 4057 511 4113 Senecae
525 4057 583 4113 hoc
596 4074 690 4130 genus
705 4058 824 4114 dicendi
838 4058 869 4113 in
883 4057 1022 4115 clausulis
1037 4057 1159 4132 quidem
1174 4056 1343 4113 fabularum
1359 4072 1402 4114 est

278 4151 425 4209 ignotum.
1307 4160 1310 4167 ·
