3109 4584
600 208 846 284 ...33-

156 386 368 478 exprimitur
406 383 580 463 animum,
620 398 810 471 postquam
851 379 1156 449 Philocomasium
1204 381 1286 450 reli·

161 501 308 591 quisset,
352 514 431 567 ante
475 495 581 565 verba
613 491 901 585 Pyrgopolinicis
937 492 1093 562 rediisse.
1143 494 1288 584 Quibus

159 611 327 705 expositis
364 609 450 679 locis
486 609 584 678 nulla
615 606 812 698 explicandi
852 605 1037 676 difficultas
1067 625 1222 677 remanet
1251 608 1287 676 in

160 748 253 797 vers.
278 725 432 815 Amph.
467 722 554 806 383,
588 720 717 793 Cure.
747 743 806 809 41.
848 724 968 811 Atque
998 742 1081 789 cum
1112 721 1168 790 his
1203 722 1290 791 locis

160 862 216 912 res
263 836 609 932 plusquamperfecto
657 852 817 904 narratae
859 850 953 904 ertra
999 848 1141 926 tempus
1184 836 1290 904 unius

162 972 307 1023 scaenae
331 972 403 1020 non
424 950 610 1041 prodeant,
634 964 746 1017 cetera
771 948 931 1037 exempla
956 947 1086 1038 partim
1111 948 1154 1017 ad
1171 968 1288 1039 partes

162 1069 302 1138 fabulae
323 1066 458 1159 priores
484 1080 654 1156 spectant,
680 1062 810 1153 partim
833 1063 877 1130 ad
902 1085 942 1130 ea
967 1084 1058 1153 quae
1081 1081 1162 1132 ante
1187 1063 1289 1133 fabu-

163 1185 235 1252 lam
263 1200 345 1250 sunt
373 1180 461 1249 facta
493 1196 596 1270 atque
621 1177 780 1269 longiore
804 1176 976 1269 temporis
1000 1177 1113 1266 spatio
1139 1195 1285 1248 remota.

165 1294 292 1387 Neque
307 1295 415 1387 igitur
430 1292 556 1362 licebat
568 1290 788 1361 Hoffmanno
803 1291 1139 1381 (p.178)Luebberti
1153 1310 1291 1360 senten·

162 1413 251 1481 tiam
268 1410 492 1501 impugnare,
509 1405 856 1498 plusquamperfecto
881 1405 967 1474 illud
988 1405 1167 1475 interdum
1185 1406 1292 1497 signi·

165 1525 260 1595 ficari
291 1524 388 1614 quod
413 1545 433 1590 a
462 1538 621 1611 tempore
656 1519 835 1610 loquentis
866 1519 1004 1610 longius
1036 1520 1191 1589 abesset:
1224 1522 1291 1590 nisi

167 1638 263 1730 quod
288 1658 329 1706 ea
357 1631 550 1705 Luebbetti
575 1632 682 1701 verba
706 1632 795 1701 nihil
820 1631 934 1701 inesse
959 1633 1140 1702 relationis
1164 1634 1199 1702 in
1225 1635 1292 1703 hoc

167 1748 504 1846 plusquamperfecti
528 1768 667 1838 genere,
693 1766 734 1816 ex
759 1747 815 1815 his
838 1770 928 1838 quae
953 1749 1099 1840 exposui
1116 1749 1292 1819 reicienda

167 1889 243 1936 esse
268 1880 424 1956 apparet.

258 1979 421 2051 Omnino
455 1993 577 2046 autem
599 1977 686 2046 illud
711 1977 922 2069 perspicitur
945 1978 1293 2069 plusquamperfecto

168 2096 233 2164 hac
265 2092 401 2161 ratione
432 2091 594 2160 adhibito
618 2090 823 2159 varietatem
847 2091 1017 2160 orationis
1041 2095 1182 2182 augeri3
1217 2096 1292 2163 dia·

169 2208 293 2298 logum
323 2222 442 2275 autern
475 2205 678 2275 comoediae
710 2228 750 2274 ea
782 2228 924 2296 quoque
949 2206 993 2275 de
1018 2230 1122 2276 causa
1146 2209 1294 2300 propius

169 2320 333 2391 accedere
366 2320 409 2388 ad
444 2340 645 2388 sermonem
679 2318 912 2406 cotidianum,
950 2321 1034 2412 quia
1066 2322 1102 2390 in
1134 2323 1294 2392 diverbio

169 2456 273 2525 saepe
298 2432 431 2523 aliquid
456 2456 528 2501 non
549 2433 721 2525 expressis
736 2434 853 2503 verbis
870 2434 1066 2505 indicatum
1084 2435 1294 2527 cogitatione

171 2546 415 2641 supplendum
446 2564 509 2628 est,
541 2569 582 2615 ex
606 2548 774 2639 exemplis
799 2548 1017 2637 pertractatis
1050 2548 1133 2618 satis
1158 2568 1211 2620 est
1234 2550 1294 2620 de-

170 2664 437 2731 monstratum¹

261 2775 383 2844 Restat
406 2790 445 2840 ut
468 2773 511 2841 de
535 2773 692 2863 quodam
709 2794 835 2864 genere
851 2775 993 2844 dicendi
1010 2800 1171 2870 agamus,
1198 2781 1294 2873 quod

171 2909 254 2956 cum
278 2887 322 2955 ab
346 2886 423 2955 aliis
447 2885 679 2977 scriptoribus
695 2909 767 2955 non
786 2906 983 2977 respuatur,
1006 2909 1124 2962 tamen
1143 2895 1295 2966 maxime

172 3024 192 3069 a
222 3001 350 3070 Plauto
382 3001 417 3073 in
448 2999 584 3070 deliciis
615 3001 777 3070 habitum
802 3025 876 3071 esse
900 3003 1049 3073 videtur.
1086 3008 1185 3077 Haec
1216 3028 1297 3078 sunt

172 3116 351 3206 exempla:
369 3114 480 3186 Cist.
501 3115 530 3200 Ι,
557 3140 586 3199 1,
602 3114 670 3202 43:
695 3116 750 3184 L:
764 3117 912 3187 Hanc...
933 3120 1051 3209 repuli
1067 3121 1115 3190 ad
1130 3123 1298 3191 meretri-

173 3230 265 3298 cium
282 3239 463 3321 quaestum
479 3229 551 3297 nisi
568 3240 605 3298 ut
621 3251 662 3297 ne
677 3230 863 3299 esurirem.
883 3230 964 3301 Sil:
979 3236 1031 3302 At
1043 3234 1299 3328 satiusfuerat

173 3364 248 3410 eam
277 3342 359 3409 uiro
387 3339 476 3409 dare
506 3351 652 3432 nuptum
676 3345 813 3433 potius.
853 3345 980 3416 Cure.
1018 3349 1104 3418 266:
1139 3349 1299 3440 Namque

174 3455 341 3522 incubare
364 3464 397 3523 te
419 3456 537 3524 satias
549 3458 684 3550 fuerat
699 3458 795 3527 Jovi.
825 3461 930 3529 Men.
965 3467 1054 3553 592:
1084 3462 1189 3531 Haut
1198 3462 1296 3552 plur,

173 3569 259 3637 naut
299 3570 415 3638 minus
451 3593 554 3661 quam
591 3592 678 3662 opus
712 3573 850 3662 fuerat,
893 3574 987 3646 dixi.
1030 3577 1165 3645 Merc.
1205 3601 1296 3669 972:

173 3681 270 3749 Nam
308 3692 342 3750 te
378 3682 469 3751 istac
503 3693 619 3752 aetate
655 3684 752 3754 haud
786 3709 929 3777 aequom
960 3687 1048 3782 filio
1074 3691 1208 3783 fuerat
1238 3700 1300 3758 tuo

97 3818 100 3823 ’
173 3793 392 3865 adulescenti
411 3798 551 3866 amanti
566 3798 706 3888 err'pere
721 3811 866 3891 nuptam
890 3815 1041 3895 argento
1065 3827 1138 3873 stro
1168 3803 1298 3877 Stich.

177 3910 261 3976 512:
288 3910 341 3979 Et
368 3912 487 4004 magis
510 3935 586 4003 par
604 3915 739 4004 fuerat
771 3940 823 3985 me
852 3918 951 3986 vobis
981 3919 1071 3988 dare
1094 3942 1211 3988 cenam
1236 3918 1301 3988 ad-

248 4166 260 4207 1
280 4166 325 4222 Cf.
341 4166 431 4223 etiarn
445 4168 514 4224 Ter.
533 4169 739 4231 Heautontim.
755 4173 822 4244 500,
838 4174 904 4232 660.
920 4175 994 4231 Hec.
1012 4177 1079 4247 648.

1128 4285 1142 4341 3
