3109 4584
645 226 866 298 ..7.-

191 395 349 464 studium
374 415 591 485 operamque
616 393 849 477 contulerint3
875 414 964 483 quos
995 415 1202 464 enumerare
1234 416 1316 462 cum

192 509 338 601 longum
366 508 424 593 sit,
455 529 521 576 suo
545 507 704 598 ‘quisque
736 508 828 592 loco,
853 506 881 575 si
911 506 998 596 quid
1035 509 1130 597 quod
1163 509 1207 577 ad
1234 531 1316 598 pro-

191 622 346 712 positum
381 637 542 689 nostrum
576 637 706 710 spectet
744 619 918 703 attulerit,
958 621 1198 689 nominandus
1237 621 1314 690 erit.

190 742 357 807 Attamen
403 736 446 805 de
493 735 696 835 unolibro
735 734 857 824 paullo
894 733 1007 802 fusius
1046 757 1219 825 exponere
1255 758 1317 804 ne·

191 872 287 918 cesse
316 865 377 917 est.
414 850 603 941 Langenus
634 848 727 916 enirn
762 848 798 915 in
832 870 874 916 eo
903 847 996 916 libro
1025 848 1088 938 qui
1114 849 1318 919 inscribitur

192 962 453 1043 ,Plautini'sche
487 962 657 1036 Studien‘
686 962 861 1050 (Berolini
891 963 1005 1052 1887),
1041 961 1077 1030 id
1113 962 1248 1031 studuit
1280 981 1318 1032 ut

190 1077 252 1167 qui
277 1100 398 1147 versus
422 1096 537 1147 essent
560 1077 705 1169 genuini
725 1075 859 1166 quique
883 1093 1024 1166 postero
1047 1094 1208 1167 tempore
1234 1098 1317 1146 cum

191 1209 460 1261 retractarentur
493 1193 632 1262 fabulae
666 1191 852 1261 Plautinae
877 1191 986 1261 additi
1011 1208 1141 1276 essent,
1167 1214 1208 1261 ex
1231 1209 1317 1260 tota·

190 1327 271 1373 rum
294 1305 496 1375 fabularum
519 1305 775 1397 compositione
806 1306 1021 1397 anquireret.
1053 1304 1146 1378 Sane
1174 1306 1318 1375 difficile

190 1443 281 1511 opus
310 1437 414 1510 atque
444 1421 502 1489 vix
532 1422 576 1489 ad
605 1420 711 1488 finem
747 1420 1015 1510 perducendum
1041 1439 1317 1510 aggressusest,

190 1552 274 1598 cum
304 1530 383 1599 talis
415 1530 595 1599 iudicandi
629 1530 732 1615 rati0‚
764 1530 928 1620 quamvis
966 1553 1028 1620 per
1067 1554 1104 1598 se
1143 1532 1187 1600 sit
1220 1554 1316 1617 vera,

190 1643 289 1712 facile
314 1643 405 1711 ultra
435 1644 522 1712 fines
546 1641 720 1734 legitimos
745 1645 903 1733 prodeat.
931 1643 1054 1734 Itaque
1078 1667 1160 1712 cum
1185 1645 1228 1714 de
1253 1648 1318 1716 hac

191 1779 227 1825 re
252 1757 335 1825 certi
369 1756 567 1846 quidquam
601 1756 750 1846 proferri
776 1757 936 1825 nondum
967 1774 1098 1847 posset,
1123 1782 1142 1826 a
1167 1780 1223 1826 me
1249 1759 1318 1827 im-

189 1888 325 1962 petrare
360 1893 432 1939 non
462 1871 561 1961 potui
596 1888 634 1940 ut
665 1893 726 1940 eos
759 1893 897 1956 versus,
931 1894 1021 1962 quos
1055 1873 1245 1961 Langenus
1280 1875 1316 1942 in

189 1984 431 2074 suspicionem
455 1985 604 2070 vocavit,
629 1986 877 2077 exemplorum
901 2008 1050 2055 numero
1075 1986 1315 2056 secluderem:

190 2097 256 2164 nisi
282 2097 378 2186 quod
410 2097 445 2164 in
481 2097 661 2166 nonnullis
694 2098 856 2168 versibus
887 2120 968 2166 curn
993 2100 1112 2167 minus
1136 2099 1318 2190 vulgarem

189 2227 392 2299 temporum
426 2233 533 2278 usum
563 2210 744 2293 haberent,
771 2210 895 2302 Langii
925 2211 1119 2280 sententiae
1144 2211 1318 2281 rationem

190 2321 311 2390 habui.

279 2436 406 2525 Neque
431 2435 636 2503 mirandum
655 2436 752 2524 quod
771 2435 946 2505 Plautinis
961 2436 1117 2504 aliorum
1132 2454 1318 2506 auctorum

189 2550 348 2639 exempla
379 2549 539 2619 subtexta
569 2565 662 2617 sunt.
713 2551 808 2620 Nam
839 2551 903 2619 hac
937 2551 1088 2620 maxime
1113 2568 1224 2620 aetate
1249 2551 1316 2619 hoc

188 2682 239 2734 est
275 2665 457 2756 cognitum
488 2665 536 2734 ita
564 2665 710 2733 demum
739 2665 916 2755 syntaxim
945 2688 1036 2756 quae
1069 2689 1149 2735 vere
1178 2666 1316 2735 dicatur

189 2779 393 2848 historicam
428 2779 522 2848 nasci
556 2801 675 2868 posse,
714 2796 753 2848 ut
788 2796 973 2849 auctorum
1009 2803 1136 2871 genera
1174 2781 1314 2849 dicendi

187 2892 281 2962 inter
303 2916 339 2961 se
363 2909 625 2983 comparentur.
651 2895 819 2962 Attamen
844 2915 925 2961 curn
943 2895 1162 2964 comicorum
1180 2894 1311 2962 solum·

186 3009 296 3077 modo
329 3008 552 3098 maximeque
584 3006 757 3092 Terentii,
790 3007 919 3076 deinde
952 3008 1135 3079 Ciceronis
1170 3026 1208 3078 ut
1241 3007 1316 3098 epi-

188 3122 361 3190 stularum
396 3120 550 3190 auctoris
583 3121 678 3190 locos
710 3120 828 3200 citavi,
861 3120 897 3187 in
926 3143 1050 3190 eorum
1079 3144 1229 3191 numero
1259 3144 1316 3190 me

187 3235 345 3304 continui
374 3235 449 3326 qui,
484 3252 523 3304 ut
553 3235 630 3326 ipse
660 3235 825 3319 Plautum
849 3234 910 3302 usi
935 3253 1017 3304 sunt
1041 3258 1204 3305 sermone
1229 3235 1316 3306 coti-

186 3353 305 3421 diano.
341 3351 459 3420 Etiam
488 3350 584 3419 aliud
618 3351 685 3420 hoc
714 3350 791 3418 loco
822 3352 1127 3441 praemonendum
1152 3352 1313 3439 videtur3

187 3464 327 3555 saepius
357 3465 454 3534 enim
479 3486 564 3532 usus
597 3485 677 3531 sum
711 3486 751 3532 ea
785 3463 976 3550 locutione,
1016 3464 1174 3555 aliquam
1217 3466 1314 3533 verbi

187 3578 339 3646 formam
363 3600 429 3668 pro
452 3578 520 3647 alia
544 3577 728 3647 substitui:
755 3580 851 3669 quod
877 3600 1017 3668 semper
1038 3600 1079 3646 ex
1095 3601 1163 3646 usu
1178 3578 1314 3668 vulgari

187 3706 238 3758 est
261 3690 410 3774 dictum,
429 3690 578 3759 minime
604 3713 689 3759 vero
718 3691 780 3777 ita,
805 3708 844 3760 ut
871 3690 1019 3760 Plautus
1045 3713 1106 3781 per
1131 3713 1166 3759 se
1190 3690 1315 3760 vitiose

186 3818 220 3868 et
252 3800 341 3870 falso
370 3801 489 3891 aliquo
518 3819 677 3892 tempore
713 3802 758 3870 sit
798 3825 905 3887 usus3
939 3802 1053 3871 ullum
1082 3801 1178 3870 enim
1202 3823 1314 3892 genus

186 3912 326 3982 dicendi
351 3913 556 3983 Plautinum
577 3938 693 3985 carere
710 3915 845 3984 ratione
863 3915 1011 3983 omnino
1027 3933 1081 3984 est
1099 3915 1312 4006 negandum.
1329 3987 1332 3993 ,
