3109 4584
681 183 928 259 ,53-

239 356 300 424 sed
329 355 436 424 etiam
467 379 558 447 quae
590 375 690 427 antea
725 357 817 426 dicta
851 374 933 425 sunt
962 356 1234 447 quodammodo
1265 354 1366 423 debi-

239 473 339 541 litent
376 472 561 542 incertiore
590 494 718 565 genere
751 471 893 542 dicendi
922 470 1095 540 adhibita.
1138 472 1209 540 Res
1247 487 1366 538 autem

240 586 290 654 sic
327 586 459 676 optime
498 587 695 680 expeditur,
737 605 776 656 ut
812 586 847 654 in
886 585 1114 655 coniunctivo
1146 584 1221 652 vim
1257 584 1367 654 futuri

240 701 346 770 latere
381 719 588 771 statuamus.
629 700 741 790 Quod
771 701 800 769 si
832 701 1016 793 probatur,
1056 721 1112 769 res
1139 717 1369 790 exaggeratur

240 817 306 885 hoc
345 816 599 903 additamento,
639 840 721 886 cum
756 839 827 886 non
866 817 983 884 solum
1016 816 1060 885 ad
1093 817 1372 906 praesens,·sed'

240 931 346 1001 etiam
384 932 428 1000 ad
467 950 607 1022 tempus
649 932 811 1001 futurum
847 953 928 1001 eam
966 931 1140 1022 pertinere
1178 930 1362 1000 indicetur.

243 1048 322 1116 Hoc
351 1064 470 1117 autem
500 1070 611 1140 genus
634 1046 788 1132 dicendi,
814 1069 887 1137 quo
912 1045 1047 1136 aliquid
1078 1063 1112 1114 et
1135 1044 1311 1136 praesenti
1335 1062 1370 1113 et

240 1159 360 1230 futuro
400 1178 560 1252 tempore
595 1162 709 1231 valere
740 1182 823 1229 cum
860 1160 893 1229 vi
924 1156 1067 1244 dicitur,
1107 1183 1177 1228 non
1202 1161 1368 1229 ralienum

241 1298 363 1345 essea
396 1276 524 1344 Plauto
564 1277 817 1369 comprobatur
855 1276 909 1345 his
940 1276 1048 1344 locis:
1087 1275 1210 1344 Trin.
1256 1280 1365 1344 1125:

240 1391 360 1481 Neque
381 1389 465 1480 suit
497 1413 602 1483 neque
630 1390 704 1460 erit
733 1412 839 1482 neque
867 1413 939 1459 esse
962 1386 1164 1483 quemquam
1195 1391 1367 1459 hominem

242 1505 278 1572 iu
295 1504 425 1574 terrad
440 1506 649 1574 arbitror...
675 1510 709 1574 A·
723 1507 839 1596 mph.
860 1506 944 1574 553:
965 1506 1060 1597 Quia
1086 1505 1124 1573 id
1148 1505 1239 1596 quod
1263 1527 1368 1596 neque

239 1629 292 1688 est
316 1641 419 1712 neque
435 1620 519 1713 fuit
548 1643 653 1711 neque
666 1619 879 1713 futurumst
903 1620 992 1689 mihi
1010 1619 1217 1710 praedicas.
1253 1619 1366 1687 Ibid.
1437 1600 1440 1606 ¹

242 1734 328 1803 566:
367 1733 465 1803 Tune
496 1734 535 1804 t'd
558 1734 676 1804 dicere
704 1734 825 1816 audes,
851 1734 944 1827 quod
966 1756 1064 1802 nemo
1089 1755 1240 1824 unquam
1265 1734 1369 1802 homo

243 1849 388 1918 antehac
402 1849 496 1919 vidit
511 1872 615 1941 neque
624 1860 743 1940 potest
749 1849 875 1941 fieri?
898 1851 1025 1919 Merc.
1047 1851 1139 1937 446:
1166 1849 1368 1941 Numquam

243 1963 362 2054 edepol
384 1963 467 2055 fuit
503 1987 607 2056 neque
625 1965 697 2055 fiet
728 1964 790 2034 ille
821 1986 926 2033 senex
965 1963 1128 2032 insanior
1158 1985 1202 2030 ex
1231 1983 1366 2043 amore,

244 2101 347 2168 quam
386 2078 446 2146 ille
482 2077 696 2148 adulescens.
747 2078 815 2148 His
854 2077 954 2162 locis,
994 2095 1241 2168 praeterquam
1271 2076 1367 2166 quod

245 2193 280 2260 in
313 2192 482 2261 omnibus
515 2192 718 2262 coniunctio
752 2192 859 2260 trium
892 2192 947 2259 vel
978 2193 1134 2260 duorum
1164 2207 1368 2279 temporum

192 2348 195 2354 ·
245 2306 408 2391 occurrit,
457 2307 540 2397 satis
587 2306 755 2376 variabile
802 2324 853 2374 est
898 2327 1008 2396 genus
1047 2304 1203 2387 dicendi,
1243 2303 1292 2371 ita
1330 2321 1370 2371 ut

246 2421 344 2489 nulla
373 2421 417 2490 sit
456 2422 603 2491 offensio
639 2421 736 2512 quod
777 2421 834 2489 hic
870 2422 1044 2504 futurum,
1085 2419 1157 2486 illic
1196 2418 1368 2486 coniunc-

244 2536 338 2604 tivus
366 2537 528 2606 occurrit.
568 2539 746 2606 Futurum
787 2553 905 2603 autem
938 2535 966 2602 si
999 2534 1060 2603 illo
1091 2534 1169 2602 loco
1206 2534 1375 2621 Amph..

250 2653 338 2722 1060
367 2651 523 2741 positum
552 2669 654 2737 esset,
685 2672 768 2719 sane
797 2666 890 2718 esset
917 2648 1078 2717 futurum
1110 2649 1185 2716 eius
1218 2647 1368 2738 generis

245 2790 317 2856 quo
354 2764 489 2855 aliquid
527 2764 721 2834 affirmatur
759 2764 921 2832 futurum
966 2786 1052 2831 esse.
1109 2763 1176 2850 (cf.
1219 2762 1367 2829 Pseud.
1459 2802 1462 2806 -

251 2883 356 2951 1130:
397 2881 538 2950 Malum
570 2880 663 2972 quod
695 2880 764 2948 tibi
794 2879 835 2949 di
863 2879 997 2948 dabunt
1027 2877 1232 2963 (sz'clterlt‘clt
1260 2877 1372 2968 geben

245 3000 414 3085 werden).
465 2999 624 3067 Bacch.
668 2997 759 3086 403:
803 2997 952 3078 Manen,
1001 2993 1096 3063 haud
1134 2993 1265 3063 celabis
1305 2992 1371 3077 (du

245 3119 350 3187 tuirst
373 3138 409 3185 es
431 3114 619 3184 st‘clterliclt
635 3115 732 3183 nicht
747 3112 1035 3197 verheimliclteu)
1046 3133 1061 3195 ;.
1090 3111 1134 3180 cf.
1155 3110 1371 3179 Lorenzium

246 3233 289 3301 ad
322 3232 453 3300 Most.
490 3254 563 3321 170.
609 3229 667 3299 Ad
698 3228 794 3297 idem
825 3250 935 3318 genus
973 3226 1082 3296 futuri
1123 3243 1256 3315 spectat
1286 3247 1371 3294 con-

246 3347 423 3415 iunctivus
476 3345 609 3413 Truc.
649 3345 739 3435 906:
783 3345 972 3440 Nunquam
1016 3341 1080 3410 ltoc
1126 3363 1231 3408 unum
1268 3338 1372 3408 hodie

246 3461 433 3554 efficiatur,
481 3460 565 3551 quin
608 3482 694 3550 opus
736 3480 873 3548 semper
904 3458 988 3551 fiet.
1044 3461 1113 3525 As.
1162 3457 1251 3524 601:
1302 3453 1373 3545 Qui

243 3598 316 3645 sese
342 3575 520 3665 adpareat
545 3597 677 3665 parere
707 3573 812 3642 huius
838 3571 986 3664 legibus,
1010 3571 1174 3662 profecto
1198 3590 1371 3660 nunquam

246 3693 354 3760 bonae
370 3690 488 3780 frugi
514 3688 617 3771 sient,
646 3688 723 3758 dies
747 3699 927 3778 noctesque
959 3696 1093 3777 potent.
1127 3685 1184 3755 ct.
1213 3686 1373 3775 exempla
1404 3734 1412 3751 .

249 3806 430 3875 simillima
454 3804 516 3874 ubi
539 3821 683 3895 apparet
706 3804 889 3872 futurum:
921 3807 988 3872 As.
1017 3804 1106 3892 275:
1133 3801 1217 3868 Mea
1235 3799 1374 3891 quidem

249 3921 364 3991 hercle
392 3942 499 4011 opera
525 3919 676 3988 libertus
700 3941 875 4009 nunquam
891 3919 976 4009 fies.
1003 3915 1136 4006 Epid.
1165 3915 1255 4005 327:
1276 3915 1376 3982 Nun-2

250 4058 352 4124 quam
393 4034 553 4103 irridere
590 4055 653 4101 nos
688 4033 789 4101 illum
822 4030 972 4100 multum
1001 4032 1117 4099 sinam
1145 4051 1283 4098 servom
1313 4030 1374 4098 lto·

251 4150 389 4215 minem.
418 4147 553 4216 Deinde
578 4147 661 4214 satis
686 4146 917 4214 memorabile
941 4146 1143 4235 exemplum
1160 4144 1375 4214 coniunctivi
