<?xml version="1.0" encoding="UTF-8"?>
<!DOCTYPE html PUBLIC "-//W3C//DTD XHTML 1.0 Transitional//EN"
    "http://www.w3.org/TR/xhtml1/DTD/xhtml1-transitional.dtd">
<html xmlns="http://www.w3.org/1999/xhtml" xml:lang="en" lang="en">
 <head>
  <title>
</title>
<meta http-equiv="Content-Type" content="text/html;charset=utf-8" />
  <meta name='ocr-system' content='tesseract 3.04.00' />
  <meta name='ocr-capabilities' content='ocr_page ocr_carea ocr_par ocr_line ocrx_word'/>
</head>
<body>
  <div class='ocr_page' id='page_1' title='image "./detemporumusupl00rodegoog_0047.png"; bbox 0 0 3109 4584; ppageno 0'>
   <div class='ocr_carea' id='block_1_1' title="bbox 605 194 851 267">
    <p class='ocr_par' dir='ltr' id='par_1_1' title="bbox 605 194 851 267">
     <span class='ocr_line' id='line_1_1' title="bbox 605 194 851 267; baseline -0.004 -21"><span class='ocrx_word' id='word_1_1' title='bbox 605 194 851 267; x_wconf 75' lang='lat'><strong>‚43-</strong></span> 
     </span>
    </p>
   </div>
   <div class='ocr_carea' id='block_1_2' title="bbox 76 361 1381 3639">
    <p class='ocr_par' dir='ltr' id='par_1_2' title="bbox 162 361 1381 1127">
     <span class='ocr_line' id='line_1_2' title="bbox 163 361 1288 456; baseline 0 -26"><span class='ocrx_word' id='word_1_2' title='bbox 163 363 283 432; x_wconf 86' lang='lat' dir='ltr'><strong>futuro</strong></span> <span class='ocrx_word' id='word_1_3' title='bbox 298 365 557 434; x_wconf 85' lang='lat' dir='ltr'><strong>deliberativo.¹</strong></span> <span class='ocrx_word' id='word_1_4' title='bbox 580 365 685 435; x_wconf 84' lang='lat' dir='ltr'><strong>Recte</strong></span> <span class='ocrx_word' id='word_1_5' title='bbox 701 381 820 434; x_wconf 89' lang='lat' dir='ltr'><strong>autem</strong></span> <span class='ocrx_word' id='word_1_6' title='bbox 831 365 898 433; x_wconf 91' lang='lat' dir='ltr'><strong>hoc</strong></span> <span class='ocrx_word' id='word_1_7' title='bbox 912 386 1024 456; x_wconf 81' lang='lat' dir='ltr'><strong>genus</strong></span> <span class='ocrx_word' id='word_1_8' title='bbox 1035 361 1174 431; x_wconf 85' lang='lat' dir='ltr'><strong>dicendi</strong></span> <span class='ocrx_word' id='word_1_9' title='bbox 1190 384 1288 430; x_wconf 91' lang='lat' dir='ltr'><strong>com·</strong></span> 
     </span>
     <span class='ocr_line' id='line_1_3' title="bbox 164 476 1289 569; baseline -0.002 -24"><span class='ocrx_word' id='word_1_10' title='bbox 164 488 321 567; x_wconf 86' lang='lat' dir='ltr'><strong>paratur</strong></span> <span class='ocrx_word' id='word_1_11' title='bbox 340 501 421 547; x_wconf 92' lang='lat' dir='ltr'><strong>cum</strong></span> <span class='ocrx_word' id='word_1_12' title='bbox 453 478 626 569; x_wconf 81' lang='lat' dir='ltr'>praesenti</span> <span class='ocrx_word' id='word_1_13' title='bbox 656 477 837 563; x_wconf 77' lang='lat' dir='ltr'>historice,</span> <span class='ocrx_word' id='word_1_14' title='bbox 877 499 958 546; x_wconf 91' lang='lat' dir='ltr'><strong>cum</strong></span> <span class='ocrx_word' id='word_1_15' title='bbox 990 497 1141 566; x_wconf 84' lang='lat' dir='ltr'><strong>utroque</strong></span> <span class='ocrx_word' id='word_1_16' title='bbox 1171 476 1289 544; x_wconf 92' lang='lat' dir='ltr'><strong>oratio</strong></span> 
     </span>
     <span class='ocr_line' id='line_1_4' title="bbox 163 586 1381 685; baseline 0.002 -33"><span class='ocrx_word' id='word_1_17' title='bbox 163 586 223 654; x_wconf 86' lang='lat' dir='ltr'><strong>fiat</strong></span> <span class='ocrx_word' id='word_1_18' title='bbox 253 587 360 677; x_wconf 89' lang='lat' dir='ltr'><strong>quasi·</strong></span> <span class='ocrx_word' id='word_1_19' title='bbox 383 588 553 661; x_wconf 81' lang='lat' dir='ltr'>fervidior</span> <span class='ocrx_word' id='word_1_20' title='bbox 583 588 815 679; x_wconf 73' lang='lat' dir='ltr'><strong>alacriorque.</strong></span> <span class='ocrx_word' id='word_1_21' title='bbox 849 588 1008 657; x_wconf 83' lang='lat' dir='ltr'><strong>Praestat</strong></span> <span class='ocrx_word' id='word_1_22' title='bbox 1046 587 1166 677; x_wconf 77' lang='lat' dir='ltr'><strong>igitur,</strong></span> <span class='ocrx_word' id='word_1_23' title='bbox 1205 608 1288 654; x_wconf 90' lang='lat' dir='ltr'><strong>cum</strong></span> <span class='ocrx_word' id='word_1_24' title='bbox 1378 680 1381 685; x_wconf 11' lang='grc' dir='ltr'><em>Α</em></span> 
     </span>
     <span class='ocr_line' id='line_1_5' title="bbox 162 698 1290 792; baseline 0.002 -25"><span class='ocrx_word' id='word_1_25' title='bbox 162 700 229 767; x_wconf 92' lang='lat' dir='ltr'><strong>hoc</strong></span> <span class='ocrx_word' id='word_1_26' title='bbox 264 702 361 791; x_wconf 93' lang='lat' dir='ltr'><strong>quod</strong></span> <span class='ocrx_word' id='word_1_27' title='bbox 397 725 491 771; x_wconf 90' lang='lat' dir='ltr'><strong>nunc</strong></span> <span class='ocrx_word' id='word_1_28' title='bbox 517 702 809 792; x_wconf 88' lang='lat' dir='ltr'><strong>pertractavimus</strong></span> <span class='ocrx_word' id='word_1_29' title='bbox 834 723 944 792; x_wconf 83' lang='lat' dir='ltr'><strong>genus</strong></span> <span class='ocrx_word' id='word_1_30' title='bbox 973 722 1046 770; x_wconf 89' lang='lat' dir='ltr'><strong>non</strong></span> <span class='ocrx_word' id='word_1_31' title='bbox 1088 698 1290 769; x_wconf 89' lang='lat' dir='ltr'><strong>inveniatur</strong></span> 
     </span>
     <span class='ocr_line' id='line_1_6' title="bbox 163 815 1287 909; baseline 0 -28"><span class='ocrx_word' id='word_1_32' title='bbox 163 815 259 906; x_wconf 89' lang='lat' dir='ltr'><strong>apud</strong></span> <span class='ocrx_word' id='word_1_33' title='bbox 293 838 355 884; x_wconf 85' lang='lat' dir='ltr'><strong>eos</strong></span> <span class='ocrx_word' id='word_1_34' title='bbox 397 817 585 909; x_wconf 87' lang='lat' dir='ltr'><strong>scriptores</strong></span> <span class='ocrx_word' id='word_1_35' title='bbox 622 818 682 908; x_wconf 93' lang='lat' dir='ltr'><strong>qui</strong></span> <span class='ocrx_word' id='word_1_36' title='bbox 722 838 925 886; x_wconf 89' lang='lat' dir='ltr'><strong>sermonem</strong></span> <span class='ocrx_word' id='word_1_37' title='bbox 957 815 1079 887; x_wconf 89' lang='lat' dir='ltr'><strong>litteris</strong></span> <span class='ocrx_word' id='word_1_38' title='bbox 1108 816 1287 884; x_wconf 85' lang='lat' dir='ltr'><strong>excultum</strong></span> 
     </span>
     <span class='ocr_line' id='line_1_7' title="bbox 163 922 1289 1023; baseline 0.001 -26"><span class='ocrx_word' id='word_1_39' title='bbox 163 929 362 1017; x_wconf 69' lang='lat' dir='ltr'><strong>exhibent,²</strong></span> <span class='ocrx_word' id='word_1_40' title='bbox 392 933 630 1023; x_wconf 72' lang='lat' dir='ltr'><strong>hac‘quidem</strong></span> <span class='ocrx_word' id='word_1_41' title='bbox 661 933 695 1002; x_wconf 94' lang='lat' dir='ltr'><strong>in</strong></span> <span class='ocrx_word' id='word_1_42' title='bbox 727 955 764 1000; x_wconf 88' lang='lat' dir='ltr'><strong>re</strong></span> <span class='ocrx_word' id='word_1_43' title='bbox 794 922 919 1000; x_wconf 83' lang='lat' dir='ltr'><strong>sermo.</strong></span> <span class='ocrx_word' id='word_1_44' title='bbox 943 930 1143 1001; x_wconf 89' lang='lat' dir='ltr'><strong>cotidianus</strong></span> <span class='ocrx_word' id='word_1_45' title='bbox 1176 931 1289 999; x_wconf 92' lang='lat' dir='ltr'><strong>varie-</strong></span> 
     </span>
     <span class='ocr_line' id='line_1_8' title="bbox 163 1045 1157 1127; baseline 0.001 -16"><span class='ocrx_word' id='word_1_46' title='bbox 163 1060 233 1112; x_wconf 85' lang='lat' dir='ltr'><strong>tate</strong></span> <span class='ocrx_word' id='word_1_47' title='bbox 261 1045 373 1114; x_wconf 87' lang='lat' dir='ltr'><strong>aevi.</strong></span> <span class='ocrx_word' id='word_1_48' title='bbox 1155 1124 1157 1127; x_wconf 13' lang='lat'>⁸</span> 
     </span>
    </p>

    <p class='ocr_par' dir='ltr' id='par_1_3' title="bbox 76 1158 1370 3639">
     <span class='ocr_line' id='line_1_9' title="bbox 255 1158 1289 1250; baseline -0.001 -23"><span class='ocrx_word' id='word_1_49' title='bbox 255 1159 333 1228; x_wconf 89' lang='lat' dir='ltr'><strong>lam</strong></span> <span class='ocrx_word' id='word_1_50' title='bbox 363 1159 432 1228; x_wconf 89' lang='lat' dir='ltr'><strong>alia</strong></span> <span class='ocrx_word' id='word_1_51' title='bbox 458 1160 651 1249; x_wconf 87' lang='lat' dir='ltr'><strong>praesentis</strong></span> <span class='ocrx_word' id='word_1_52' title='bbox 682 1183 747 1250; x_wconf 92' lang='lat' dir='ltr'><strong>pro</strong></span> <span class='ocrx_word' id='word_1_53' title='bbox 779 1160 899 1229; x_wconf 87' lang='lat' dir='ltr'><strong>futuro</strong></span> <span class='ocrx_word' id='word_1_54' title='bbox 926 1158 1073 1228; x_wconf 85' lang='lat' dir='ltr'><strong>admissi</strong></span> <span class='ocrx_word' id='word_1_55' title='bbox 1103 1159 1191 1228; x_wconf 88' lang='lat' dir='ltr'><strong>ratio</strong></span> <span class='ocrx_word' id='word_1_56' title='bbox 1227 1159 1289 1226; x_wconf 90' lang='lat' dir='ltr'><strong>ad-</strong></span> 
     </span>
     <span class='ocr_line' id='line_1_10' title="bbox 162 1272 1287 1364; baseline -0.003 -22"><span class='ocrx_word' id='word_1_57' title='bbox 162 1273 278 1342; x_wconf 87' lang='lat' dir='ltr'><strong>denda</strong></span> <span class='ocrx_word' id='word_1_58' title='bbox 310 1292 370 1343; x_wconf 87' lang='lat' dir='ltr'><strong>est.</strong></span> <span class='ocrx_word' id='word_1_59' title='bbox 407 1274 500 1343; x_wconf 91' lang='lat' dir='ltr'><strong>Nam</strong></span> <span class='ocrx_word' id='word_1_60' title='bbox 527 1296 691 1363; x_wconf 85' lang='lat' dir='ltr'><strong>praesens</strong></span> <span class='ocrx_word' id='word_1_61' title='bbox 730 1276 911 1364; x_wconf 89' lang='lat' dir='ltr'><strong>quoniam</strong></span> <span class='ocrx_word' id='word_1_62' title='bbox 937 1272 1077 1342; x_wconf 87' lang='lat' dir='ltr'><strong>admitti</strong></span> <span class='ocrx_word' id='word_1_63' title='bbox 1111 1273 1287 1355; x_wconf 79' lang='lat' dir='ltr'><strong>videmus,</strong></span> 
     </span>
     <span class='ocr_line' id='line_1_11' title="bbox 162 1382 1289 1476; baseline -0.003 -21"><span class='ocrx_word' id='word_1_64' title='bbox 162 1409 245 1455; x_wconf 92' lang='lat' dir='ltr'><strong>cum</strong></span> <span class='ocrx_word' id='word_1_65' title='bbox 283 1409 355 1455; x_wconf 87' lang='lat' dir='ltr'><strong>non</strong></span> <span class='ocrx_word' id='word_1_66' title='bbox 390 1406 523 1457; x_wconf 91' lang='lat' dir='ltr'><strong>certum</strong></span> <span class='ocrx_word' id='word_1_67' title='bbox 560 1386 707 1456; x_wconf 89' lang='lat' dir='ltr'><strong>actionis</strong></span> <span class='ocrx_word' id='word_1_68' title='bbox 743 1404 970 1456; x_wconf 87' lang='lat' dir='ltr'><strong>momentum</strong></span> <span class='ocrx_word' id='word_1_69' title='bbox 1009 1382 1289 1476; x_wconf 86' lang='lat' dir='ltr'><strong>intellegendum</strong></span> 
     </span>
     <span class='ocr_line' id='line_1_12' title="bbox 162 1500 1290 1591; baseline -0.002 -22"><span class='ocrx_word' id='word_1_70' title='bbox 162 1518 226 1585; x_wconf 71' lang='lat' dir='ltr'><strong>est,</strong></span> <span class='ocrx_word' id='word_1_71' title='bbox 243 1501 304 1569; x_wconf 90' lang='lat' dir='ltr'><strong>sed</strong></span> <span class='ocrx_word' id='word_1_72' title='bbox 319 1500 467 1570; x_wconf 91' lang='lat' dir='ltr'><strong>omnino</strong></span> <span class='ocrx_word' id='word_1_73' title='bbox 481 1518 591 1570; x_wconf 92' lang='lat' dir='ltr'><strong>status</strong></span> <span class='ocrx_word' id='word_1_74' title='bbox 609 1500 842 1591; x_wconf 84' lang='lat' dir='ltr'><strong>conditioque</strong></span> <span class='ocrx_word' id='word_1_75' title='bbox 859 1501 894 1570; x_wconf 93' lang='lat' dir='ltr'><strong>in</strong></span> <span class='ocrx_word' id='word_1_76' title='bbox 915 1522 986 1590; x_wconf 91' lang='lat' dir='ltr'><strong>qua</strong></span> <span class='ocrx_word' id='word_1_77' title='bbox 1006 1500 1086 1590; x_wconf 91' lang='lat' dir='ltr'><strong>quis</strong></span> <span class='ocrx_word' id='word_1_78' title='bbox 1098 1516 1290 1590; x_wconf 88' lang='lat' dir='ltr'><strong>postquam</strong></span> 
     </span>
     <span class='ocr_line' id='line_1_13' title="bbox 164 1614 1293 1709; baseline -0.004 -23"><span class='ocrx_word' id='word_1_79' title='bbox 164 1618 244 1686; x_wconf 83' lang='lat' dir='ltr'><strong>iecit</strong></span> <span class='ocrx_word' id='word_1_80' title='bbox 273 1616 407 1707; x_wconf 92' lang='lat' dir='ltr'><strong>aliquid</strong></span> <span class='ocrx_word' id='word_1_81' title='bbox 427 1617 567 1687; x_wconf 86' lang='lat' dir='ltr'><strong>¹diutius</strong></span> <span class='ocrx_word' id='word_1_82' title='bbox 591 1635 762 1703; x_wconf 76' lang='lat' dir='ltr'><strong>versetur,</strong></span> <span class='ocrx_word' id='word_1_83' title='bbox 789 1618 930 1709; x_wconf 88' lang='lat' dir='ltr'><strong>saepius</strong></span> <span class='ocrx_word' id='word_1_84' title='bbox 952 1616 1058 1686; x_wconf 89' lang='lat' dir='ltr'><strong>ctiam</strong></span> <span class='ocrx_word' id='word_1_85' title='bbox 1083 1637 1147 1706; x_wconf 92' lang='lat' dir='ltr'><strong>pro</strong></span> <span class='ocrx_word' id='word_1_86' title='bbox 1170 1614 1293 1683; x_wconf 86' lang='lat' dir='ltr'><strong>futuro</strong></span> 
     </span>
     <span class='ocr_line' id='line_1_14' title="bbox 163 1729 1370 1825; baseline -0.001 -27"><span class='ocrx_word' id='word_1_87' title='bbox 163 1731 212 1798; x_wconf 89' lang='lat' dir='ltr'><strong>sic</strong></span> <span class='ocrx_word' id='word_1_88' title='bbox 235 1730 484 1799; x_wconf 85' lang='lat' dir='ltr'><strong>substituitur.</strong></span> <span class='ocrx_word' id='word_1_89' title='bbox 534 1731 704 1820; x_wconf 85' lang='lat' dir='ltr'><strong>Exempla</strong></span> <span class='ocrx_word' id='word_1_90' title='bbox 741 1731 873 1800; x_wconf 90' lang='lat' dir='ltr'><strong>iudicio</strong></span> <span class='ocrx_word' id='word_1_91' title='bbox 911 1751 1036 1799; x_wconf 87' lang='lat' dir='ltr'><strong>eorum</strong></span> <span class='ocrx_word' id='word_1_92' title='bbox 1075 1729 1138 1819; x_wconf 93' lang='lat' dir='ltr'><strong>qui</strong></span> <span class='ocrx_word' id='word_1_93' title='bbox 1169 1729 1290 1818; x_wconf 81' lang='lat' dir='ltr'><strong>legunt</strong></span> <span class='ocrx_word' id='word_1_94' title='bbox 1365 1812 1370 1825; x_wconf 36' lang='grc' dir='ltr'>Ι</span> 
     </span>
     <span class='ocr_line' id='line_1_15' title="bbox 164 1843 1290 1934; baseline 0 -25"><span class='ocrx_word' id='word_1_95' title='bbox 164 1843 394 1912; x_wconf 89' lang='lat' dir='ltr'><strong>subiciamus.</strong></span> <span class='ocrx_word' id='word_1_96' title='bbox 439 1844 542 1913; x_wconf 87' lang='lat' dir='ltr'><strong>Aul.</strong></span> <span class='ocrx_word' id='word_1_97' title='bbox 582 1843 671 1934; x_wconf 79' lang='lat'><strong>289:</strong></span> <span class='ocrx_word' id='word_1_98' title='bbox 705 1844 743 1911; x_wconf 90' lang='lat' dir='ltr'><strong>S.</strong></span> <span class='ocrx_word' id='word_1_99' title='bbox 787 1843 858 1911; x_wconf 86' lang='lat' dir='ltr'><strong>Sed</strong></span> <span class='ocrx_word' id='word_1_100' title='bbox 892 1865 976 1911; x_wconf 83' lang='lat' dir='ltr'><strong>erus</strong></span> <span class='ocrx_word' id='word_1_101' title='bbox 1018 1844 1162 1932; x_wconf 84' lang='lat' dir='ltr'><strong>nuptias</strong></span> <span class='ocrx_word' id='word_1_102' title='bbox 1195 1863 1290 1910; x_wconf 85' lang='lat' dir='ltr'><strong>meus</strong></span> 
     </span>
     <span class='ocr_line' id='line_1_16' title="bbox 163 1953 1291 2047; baseline -0.002 -24"><span class='ocrx_word' id='word_1_103' title='bbox 163 1954 267 2024; x_wconf 83' lang='lat' dir='ltr'><strong>hodie</strong></span> <span class='ocrx_word' id='word_1_104' title='bbox 279 1956 411 2047; x_wconf 84' lang='lat' dir='ltr'><strong>faciet.</strong></span> <span class='ocrx_word' id='word_1_105' title='bbox 428 1960 473 2026; x_wconf 84' lang='grc' dir='ltr'><strong>Α.</strong></span> <span class='ocrx_word' id='word_1_106' title='bbox 496 1957 632 2047; x_wconf 80' lang='lat' dir='ltr'><strong>Quoius</strong></span> <span class='ocrx_word' id='word_1_107' title='bbox 654 1955 755 2026; x_wconf 83' lang='lat' dir='ltr'><strong>ducit</strong></span> <span class='ocrx_word' id='word_1_108' title='bbox 774 1953 925 2045; x_wconf 81' lang='lat' dir='ltr'><strong>filiam?</strong></span> <span class='ocrx_word' id='word_1_109' title='bbox 949 1955 1099 2041; x_wconf 80' lang='lat' dir='ltr'><strong>‚Facies‘</strong></span> <span class='ocrx_word' id='word_1_110' title='bbox 1117 1954 1291 2045; x_wconf 84' lang='lat' dir='ltr'><strong>significat</strong></span> 
     </span>
     <span class='ocr_line' id='line_1_17' title="bbox 76 2061 1289 2160; baseline -0.001 -24"><span class='ocrx_word' id='word_1_111' title='bbox 76 2061 80 2067; x_wconf 73' lang='grc'>’</span> <span class='ocrx_word' id='word_1_112' title='bbox 161 2069 333 2138; x_wconf 87' lang='lat' dir='ltr'><strong>actionem</strong></span> <span class='ocrx_word' id='word_1_113' title='bbox 366 2087 461 2138; x_wconf 90' lang='lat' dir='ltr'><strong>certo</strong></span> <span class='ocrx_word' id='word_1_114' title='bbox 484 2070 654 2160; x_wconf 90' lang='lat' dir='ltr'><strong>temporis</strong></span> <span class='ocrx_word' id='word_1_115' title='bbox 693 2087 877 2139; x_wconf 93' lang='lat' dir='ltr'><strong>momento</strong></span> <span class='ocrx_word' id='word_1_116' title='bbox 916 2069 1129 2154; x_wconf 78' lang='lat' dir='ltr'><strong>faciendam,</strong></span> <span class='ocrx_word' id='word_1_117' title='bbox 1164 2068 1289 2154; x_wconf 61' lang='lat' dir='ltr'><strong>‚ducis</strong></span> 
     </span>
     <span class='ocr_line' id='line_1_18' title="bbox 162 2182 1288 2274; baseline 0.001 -24"><span class='ocrx_word' id='word_1_118' title='bbox 162 2200 281 2251; x_wconf 91' lang='lat' dir='ltr'><strong>autem</strong></span> <span class='ocrx_word' id='word_1_119' title='bbox 312 2204 517 2273; x_wconf 88' lang='lat' dir='ltr'><strong>quanquam</strong></span> <span class='ocrx_word' id='word_1_120' title='bbox 542 2205 614 2251; x_wconf 90' lang='lat' dir='ltr'><strong>non</strong></span> <span class='ocrx_word' id='word_1_121' title='bbox 638 2182 760 2251; x_wconf 91' lang='lat' dir='ltr'><strong>minus</strong></span> <span class='ocrx_word' id='word_1_122' title='bbox 785 2206 848 2274; x_wconf 88' lang='lat' dir='ltr'><strong>per</strong></span> <span class='ocrx_word' id='word_1_123' title='bbox 877 2206 914 2251; x_wconf 92' lang='lat' dir='ltr'><strong>se</strong></span> <span class='ocrx_word' id='word_1_124' title='bbox 938 2205 1047 2272; x_wconf 89' lang='lat' dir='ltr'><strong>quam</strong></span> <span class='ocrx_word' id='word_1_125' title='bbox 1082 2182 1209 2266; x_wconf 74' lang='lat' dir='ltr'><strong>,faciet‘</strong></span> <span class='ocrx_word' id='word_1_126' title='bbox 1245 2184 1288 2251; x_wconf 90' lang='lat' dir='ltr'><strong>ad</strong></span> 
     </span>
     <span class='ocr_line' id='line_1_19' title="bbox 162 2295 1290 2387; baseline 0 -23"><span class='ocrx_word' id='word_1_127' title='bbox 162 2297 323 2364; x_wconf 81' lang='lat' dir='ltr'><strong>futurum</strong></span> <span class='ocrx_word' id='word_1_128' title='bbox 350 2296 514 2387; x_wconf 81' lang='lat' dir='ltr'><strong>pertinet,</strong></span> <span class='ocrx_word' id='word_1_129' title='bbox 543 2313 659 2364; x_wconf 88' lang='lat' dir='ltr'><strong>tamen</strong></span> <span class='ocrx_word' id='word_1_130' title='bbox 692 2295 826 2364; x_wconf 89' lang='lat' dir='ltr'><strong>indicat</strong></span> <span class='ocrx_word' id='word_1_131' title='bbox 855 2318 938 2364; x_wconf 90' lang='lat' dir='ltr'><strong>eum</strong></span> <span class='ocrx_word' id='word_1_132' title='bbox 962 2296 1024 2386; x_wconf 90' lang='lat' dir='ltr'><strong>qui</strong></span> <span class='ocrx_word' id='word_1_133' title='bbox 1053 2296 1192 2386; x_wconf 90' lang='lat' dir='ltr'><strong>quaerit</strong></span> <span class='ocrx_word' id='word_1_134' title='bbox 1212 2318 1290 2364; x_wconf 91' lang='lat' dir='ltr'><strong>ma·</strong></span> 
     </span>
     <span class='ocr_line' id='line_1_20' title="bbox 162 2409 1289 2501; baseline 0.002 -24"><span class='ocrx_word' id='word_1_135' title='bbox 162 2410 214 2500; x_wconf 84' lang='lat' dir='ltr'><strong>gis</strong></span> <span class='ocrx_word' id='word_1_136' title='bbox 232 2409 407 2478; x_wconf 89' lang='lat' dir='ltr'><strong>rationem</strong></span> <span class='ocrx_word' id='word_1_137' title='bbox 423 2409 554 2478; x_wconf 89' lang='lat' dir='ltr'><strong>habere</strong></span> <span class='ocrx_word' id='word_1_138' title='bbox 578 2409 811 2495; x_wconf 85' lang='lat' dir='ltr'><strong>condicionis,</strong></span> <span class='ocrx_word' id='word_1_139' title='bbox 837 2433 927 2500; x_wconf 91' lang='lat' dir='ltr'><strong>quae</strong></span> <span class='ocrx_word' id='word_1_140' title='bbox 952 2427 1004 2479; x_wconf 90' lang='lat' dir='ltr'><strong>est</strong></span> <span class='ocrx_word' id='word_1_141' title='bbox 1027 2411 1161 2500; x_wconf 76' lang='lat' dir='ltr'><strong>sponsi,</strong></span> <span class='ocrx_word' id='word_1_142' title='bbox 1179 2433 1289 2501; x_wconf 88' lang='lat' dir='ltr'><strong>quam</strong></span> 
     </span>
     <span class='ocr_line' id='line_1_21' title="bbox 163 2522 1285 2615; baseline 0.002 -25"><span class='ocrx_word' id='word_1_143' title='bbox 163 2522 404 2594; x_wconf 82' lang='lat' dir='ltr'><strong>illiuscertae</strong></span> <span class='ocrx_word' id='word_1_144' title='bbox 427 2522 579 2592; x_wconf 90' lang='lat' dir='ltr'><strong>ducendi</strong></span> <span class='ocrx_word' id='word_1_145' title='bbox 611 2523 770 2592; x_wconf 76' lang='lat' dir='ltr'><strong>actionis</strong></span> <span class='ocrx_word' id='word_1_146' title='bbox 798 2524 917 2615; x_wconf 92' lang='lat' dir='ltr'><strong>Capt.</strong></span> <span class='ocrx_word' id='word_1_147' title='bbox 950 2526 1048 2612; x_wconf 84' lang='lat'>481:</span> <span class='ocrx_word' id='word_1_148' title='bbox 1085 2525 1154 2593; x_wconf 87' lang='lat' dir='ltr'><strong>Ubi</strong></span> <span class='ocrx_word' id='word_1_149' title='bbox 1186 2547 1285 2594; x_wconf 87' lang='lat' dir='ltr'><strong>cena·</strong></span> 
     </span>
     <span class='ocr_line' id='line_1_22' title="bbox 163 2635 1287 2729; baseline 0.002 -25"><span class='ocrx_word' id='word_1_150' title='bbox 163 2659 239 2704; x_wconf 75' lang='lat' dir='ltr'><strong>mres</strong></span> <span class='ocrx_word' id='word_1_151' title='bbox 270 2635 406 2705; x_wconf 81' lang='lat' dir='ltr'><strong>hodie?</strong></span> <span class='ocrx_word' id='word_1_152' title='bbox 433 2643 492 2721; x_wconf 84' lang='lat'><strong>(=</strong></span> <span class='ocrx_word' id='word_1_153' title='bbox 522 2637 583 2706; x_wconf 88' lang='lat' dir='ltr'><strong>ubi</strong></span> <span class='ocrx_word' id='word_1_154' title='bbox 605 2649 667 2707; x_wconf 87' lang='lat' dir='ltr'><strong>est</strong></span> <span class='ocrx_word' id='word_1_155' title='bbox 696 2637 804 2719; x_wconf 84' lang='lat' dir='ltr'><strong>locus,</strong></span> <span class='ocrx_word' id='word_1_156' title='bbox 829 2660 896 2729; x_wconf 87' lang='lat' dir='ltr'><strong>quo</strong></span> <span class='ocrx_word' id='word_1_157' title='bbox 920 2638 1025 2708; x_wconf 83' lang='lat' dir='ltr'><strong>hodie</strong></span> <span class='ocrx_word' id='word_1_158' title='bbox 1055 2639 1287 2724; x_wconf 83' lang='lat' dir='ltr'><strong>cenabimus).</strong></span> 
     </span>
     <span class='ocr_line' id='line_1_23' title="bbox 164 2747 1291 2843; baseline 0 -23"><span class='ocrx_word' id='word_1_159' title='bbox 164 2747 295 2820; x_wconf 87' lang='lat' dir='ltr'><strong>Stich.</strong></span> <span class='ocrx_word' id='word_1_160' title='bbox 332 2749 428 2837; x_wconf 80' lang='lat'>430:</span> <span class='ocrx_word' id='word_1_161' title='bbox 471 2749 539 2819; x_wconf 85' lang='lat' dir='ltr'><strong>Ubi</strong></span> <span class='ocrx_word' id='word_1_162' title='bbox 577 2772 677 2820; x_wconf 86' lang='lat' dir='ltr'><strong>cenas</strong></span> <span class='ocrx_word' id='word_1_163' title='bbox 704 2750 841 2820; x_wconf 77' lang='lat' dir='ltr'><strong>hodie?</strong></span> <span class='ocrx_word' id='word_1_164' title='bbox 864 2752 990 2820; x_wconf 88' lang='lat' dir='ltr'><strong>Truc.</strong></span> <span class='ocrx_word' id='word_1_165' title='bbox 1026 2751 1123 2843; x_wconf 79' lang='lat'>359:</span> <span class='ocrx_word' id='word_1_166' title='bbox 1156 2751 1291 2820; x_wconf 86' lang='lat' dir='ltr'><strong>Hicine</strong></span> 
     </span>
     <span class='ocr_line' id='line_1_24' title="bbox 164 2860 1287 2954; baseline 0.003 -25"><span class='ocrx_word' id='word_1_167' title='bbox 164 2860 267 2931; x_wconf 83' lang='lat' dir='ltr'><strong>hodie</strong></span> <span class='ocrx_word' id='word_1_168' title='bbox 291 2877 403 2944; x_wconf 67' lang='lat' dir='ltr'><strong>cenas3</strong></span> <span class='ocrx_word' id='word_1_169' title='bbox 429 2862 550 2931; x_wconf 81' lang='lat' dir='ltr'><strong>salvus</strong></span> <span class='ocrx_word' id='word_1_170' title='bbox 580 2884 681 2954; x_wconf 85' lang='lat' dir='ltr'><strong>quom</strong></span> <span class='ocrx_word' id='word_1_171' title='bbox 710 2862 887 2933; x_wconf 83' lang='lat' dir='ltr'><strong>advenis?</strong></span> <span class='ocrx_word' id='word_1_172' title='bbox 915 2865 1071 2933; x_wconf 89' lang='lat' dir='ltr'><strong>Pseud.</strong></span> <span class='ocrx_word' id='word_1_173' title='bbox 1100 2864 1166 2933; x_wconf 83' lang='lat'><strong>83:</strong></span> <span class='ocrx_word' id='word_1_174' title='bbox 1198 2864 1287 2932; x_wconf 88' lang='lat' dir='ltr'><strong>Isto·</strong></span> 
     </span>
     <span class='ocr_line' id='line_1_25' title="bbox 161 2975 1289 3064; baseline 0.001 -20"><span class='ocrx_word' id='word_1_175' title='bbox 161 2975 236 3044; x_wconf 86' lang='lat' dir='ltr'><strong>cine</strong></span> <span class='ocrx_word' id='word_1_176' title='bbox 253 2985 363 3064; x_wconf 83' lang='lat' dir='ltr'><strong>pacto</strong></span> <span class='ocrx_word' id='word_1_177' title='bbox 388 2998 439 3044; x_wconf 89' lang='lat' dir='ltr'><strong>me</strong></span> <span class='ocrx_word' id='word_1_178' title='bbox 464 2975 592 3045; x_wconf 82' lang='lat' dir='ltr'><strong>iuvas?</strong></span> <span class='ocrx_word' id='word_1_179' title='bbox 608 2982 666 3059; x_wconf 84' lang='lat'><strong>(=</strong></span> <span class='ocrx_word' id='word_1_180' title='bbox 681 3000 763 3046; x_wconf 90' lang='lat' dir='ltr'><strong>eane</strong></span> <span class='ocrx_word' id='word_1_181' title='bbox 777 2978 919 3053; x_wconf 88' lang='lat' dir='ltr'><strong>omniuo</strong></span> <span class='ocrx_word' id='word_1_182' title='bbox 936 2977 1035 3047; x_wconf 86' lang='lat' dir='ltr'><strong>ratio</strong></span> <span class='ocrx_word' id='word_1_183' title='bbox 1051 2978 1147 3046; x_wconf 82' lang='lat' dir='ltr'><strong>inter</strong></span> <span class='ocrx_word' id='word_1_184' title='bbox 1161 2998 1226 3046; x_wconf 88' lang='lat' dir='ltr'><strong>nos</strong></span> <span class='ocrx_word' id='word_1_185' title='bbox 1238 2976 1289 3045; x_wconf 88' lang='lat' dir='ltr'><strong>in·</strong></span> 
     </span>
     <span class='ocr_line' id='line_1_26' title="bbox 163 3086 1288 3179; baseline 0.002 -23"><span class='ocrx_word' id='word_1_186' title='bbox 163 3086 326 3170; x_wconf 80' lang='lat' dir='ltr'><strong>tercedit,</strong></span> <span class='ocrx_word' id='word_1_187' title='bbox 358 3099 396 3156; x_wconf 90' lang='lat' dir='ltr'><strong>ut</strong></span> <span class='ocrx_word' id='word_1_188' title='bbox 428 3110 503 3157; x_wconf 87' lang='lat' dir='ltr'><strong>cum</strong></span> <span class='ocrx_word' id='word_1_189' title='bbox 542 3109 600 3157; x_wconf 85' lang='lat' dir='ltr'><strong>res</strong></span> <span class='ocrx_word' id='word_1_190' title='bbox 622 3100 745 3179; x_wconf 85' lang='lat' dir='ltr'><strong>poscet</strong></span> <span class='ocrx_word' id='word_1_191' title='bbox 773 3089 921 3160; x_wconf 84' lang='lat' dir='ltr'><strong>adiuves</strong></span> <span class='ocrx_word' id='word_1_192' title='bbox 948 3091 1048 3176; x_wconf 85' lang='lat' dir='ltr'><strong>me?)</strong></span> <span class='ocrx_word' id='word_1_193' title='bbox 1086 3091 1131 3158; x_wconf 89' lang='lat' dir='ltr'><strong>P.</strong></span> <span class='ocrx_word' id='word_1_194' title='bbox 1162 3091 1218 3159; x_wconf 93' lang='lat' dir='ltr'><strong>Do</strong></span> <span class='ocrx_word' id='word_1_195' title='bbox 1250 3090 1288 3158; x_wconf 89' lang='lat' dir='ltr'><strong>id</strong></span> 
     </span>
     <span class='ocr_line' id='line_1_27' title="bbox 162 3200 1289 3295; baseline 0.002 -26"><span class='ocrx_word' id='word_1_196' title='bbox 162 3200 255 3292; x_wconf 84' lang='lat' dir='ltr'><strong>quod</strong></span> <span class='ocrx_word' id='word_1_197' title='bbox 281 3201 371 3270; x_wconf 81' lang='lat' dir='ltr'><strong>mihi</strong></span> <span class='ocrx_word' id='word_1_198' title='bbox 395 3212 448 3271; x_wconf 87' lang='lat' dir='ltr'><strong>est</strong></span> <span class='ocrx_word' id='word_1_199' title='bbox 479 3204 592 3285; x_wconf 85' lang='lat' dir='ltr'><strong>(=Is</strong></span> <span class='ocrx_word' id='word_1_200' title='bbox 620 3225 697 3272; x_wconf 86' lang='lat' dir='ltr'><strong>sum</strong></span> <span class='ocrx_word' id='word_1_201' title='bbox 721 3204 913 3295; x_wconf 85' lang='lat' dir='ltr'><strong>quidem).</strong></span> <span class='ocrx_word' id='word_1_202' title='bbox 949 3204 1061 3274; x_wconf 85' lang='lat' dir='ltr'><strong>lbid.</strong></span> <span class='ocrx_word' id='word_1_203' title='bbox 1102 3204 1211 3292; x_wconf 79' lang='lat'>1314:</span> <span class='ocrx_word' id='word_1_204' title='bbox 1237 3206 1289 3271; x_wconf 85' lang='lat' dir='ltr'><strong>At</strong></span> 
     </span>
     <span class='ocr_line' id='line_1_28' title="bbox 163 3314 1285 3407; baseline 0.002 -23"><span class='ocrx_word' id='word_1_205' title='bbox 163 3317 317 3407; x_wconf 79' lang='lat' dir='ltr'><strong>negabas</strong></span> <span class='ocrx_word' id='word_1_206' title='bbox 343 3315 516 3386; x_wconf 84' lang='lat' dir='ltr'><strong>daturum</strong></span> <span class='ocrx_word' id='word_1_207' title='bbox 544 3339 615 3387; x_wconf 87' lang='lat' dir='ltr'><strong>esse</strong></span> <span class='ocrx_word' id='word_1_208' title='bbox 653 3314 695 3388; x_wconf 78' lang='lat' dir='ltr'><strong>te&#39;</strong></span> <span class='ocrx_word' id='word_1_209' title='bbox 725 3319 815 3387; x_wconf 80' lang='lat' dir='ltr'><strong>mihi</strong></span> <span class='ocrx_word' id='word_1_210' title='bbox 831 3344 842 3386; x_wconf 95' lang='lat'><em>:</em></span> <span class='ocrx_word' id='word_1_211' title='bbox 872 3330 989 3389; x_wconf 83' lang='lat' dir='ltr'><strong>tamen</strong></span> <span class='ocrx_word' id='word_1_212' title='bbox 1019 3318 1119 3389; x_wconf 81' lang='lat' dir='ltr'><strong>das?</strong></span> <span class='ocrx_word' id='word_1_213' title='bbox 1146 3320 1285 3388; x_wconf 88' lang='lat' dir='ltr'><strong>Merc.</strong></span> 
     </span>
     <span class='ocr_line' id='line_1_29' title="bbox 161 3431 1285 3521; baseline 0 -22"><span class='ocrx_word' id='word_1_214' title='bbox 161 3452 257 3517; x_wconf 88' lang='lat'><strong>440:</strong></span> <span class='ocrx_word' id='word_1_215' title='bbox 284 3431 328 3498; x_wconf 91' lang='lat' dir='ltr'><strong>L.</strong></span> <span class='ocrx_word' id='word_1_216' title='bbox 346 3431 428 3499; x_wconf 89' lang='lat' dir='ltr'><strong>Non</strong></span> <span class='ocrx_word' id='word_1_217' title='bbox 457 3443 592 3500; x_wconf 88' lang='lat' dir='ltr'><strong>centum</strong></span> <span class='ocrx_word' id='word_1_218' title='bbox 630 3431 753 3502; x_wconf 84' lang='lat' dir='ltr'><strong>datur.</strong></span> <span class='ocrx_word' id='word_1_219' title='bbox 794 3438 869 3502; x_wconf 86' lang='lat' dir='ltr'><strong>As.</strong></span> <span class='ocrx_word' id='word_1_220' title='bbox 910 3456 1004 3521; x_wconf 89' lang='lat'>410:</span> <span class='ocrx_word' id='word_1_221' title='bbox 1035 3434 1080 3501; x_wconf 90' lang='lat' dir='ltr'><strong>L.</strong></span> <span class='ocrx_word' id='word_1_222' title='bbox 1111 3434 1193 3501; x_wconf 89' lang='lat' dir='ltr'><strong>Non</strong></span> <span class='ocrx_word' id='word_1_223' title='bbox 1233 3454 1285 3500; x_wconf 88' lang='lat' dir='ltr'><strong>ea.</strong></span> 
     </span>
     <span class='ocr_line' id='line_1_30' title="bbox 162 3544 1288 3639; baseline 0.003 -27"><span class='ocrx_word' id='word_1_224' title='bbox 162 3545 217 3612; x_wconf 90' lang='lat' dir='ltr'><strong>M.</strong></span> <span class='ocrx_word' id='word_1_225' title='bbox 253 3546 335 3614; x_wconf 88' lang='lat' dir='ltr'><strong>Non</strong></span> <span class='ocrx_word' id='word_1_226' title='bbox 364 3544 444 3614; x_wconf 81' lang='lat' dir='ltr'><strong>eis?</strong></span> <span class='ocrx_word' id='word_1_227' title='bbox 473 3546 589 3616; x_wconf 90' lang='lat' dir='ltr'><strong>Multo</strong></span> <span class='ocrx_word' id='word_1_228' title='bbox 614 3547 681 3616; x_wconf 89' lang='lat' dir='ltr'><strong>hoc</strong></span> <span class='ocrx_word' id='word_1_229' title='bbox 705 3548 849 3633; x_wconf 74' lang='lat' dir='ltr'><strong>fortius,</strong></span> <span class='ocrx_word' id='word_1_230' title='bbox 878 3566 917 3616; x_wconf 94' lang='lat' dir='ltr'><strong>ut</strong></span> <span class='ocrx_word' id='word_1_231' title='bbox 946 3548 1034 3618; x_wconf 91' lang='lat' dir='ltr'><strong>mihi</strong></span> <span class='ocrx_word' id='word_1_232' title='bbox 1068 3549 1214 3639; x_wconf 92' lang='lat' dir='ltr'><strong>quidem</strong></span> <span class='ocrx_word' id='word_1_233' title='bbox 1235 3547 1288 3615; x_wconf 93' lang='lat' dir='ltr'><strong>vi·</strong></span> 
     </span>
    </p>
   </div>
   <div class='ocr_carea' id='block_1_3' title="bbox 160 3868 1289 4211">
    <p class='ocr_par' dir='ltr' id='par_1_4' title="bbox 234 3868 452 3945">
     <span class='ocr_line' id='line_1_31' title="bbox 234 3868 452 3945; baseline -0.005 -18"><span class='ocrx_word' id='word_1_234' title='bbox 234 3872 243 3911; x_wconf 83' lang='lat'>¹</span> <span class='ocrx_word' id='word_1_235' title='bbox 266 3868 311 3929; x_wconf 82' lang='lat' dir='ltr'><strong>Cf.</strong></span> <span class='ocrx_word' id='word_1_236' title='bbox 324 3888 389 3945; x_wconf 80' lang='lat' dir='ltr'><strong>pag.</strong></span> <span class='ocrx_word' id='word_1_237' title='bbox 406 3889 452 3945; x_wconf 84' lang='lat' dir='ltr'><strong>7o.</strong></span> 
     </span>
    </p>

    <p class='ocr_par' dir='ltr' id='par_1_5' title="bbox 160 3965 1289 4211">
     <span class='ocr_line' id='line_1_32' title="bbox 231 3965 1287 4044; baseline 0.001 -21"><span class='ocrx_word' id='word_1_238' title='bbox 231 3968 245 4008; x_wconf 81' lang='lat'>2</span> <span class='ocrx_word' id='word_1_239' title='bbox 264 3965 296 4023; x_wconf 87' lang='lat' dir='ltr'><strong>Si</strong></span> <span class='ocrx_word' id='word_1_240' title='bbox 317 3966 488 4024; x_wconf 88' lang='lat' dir='ltr'><strong>invenimus</strong></span> <span class='ocrx_word' id='word_1_241' title='bbox 507 3969 588 4042; x_wconf 90' lang='lat' dir='ltr'><strong>apud</strong></span> <span class='ocrx_word' id='word_1_242' title='bbox 608 3966 772 4041; x_wconf 81' lang='lat' dir='ltr'><strong>Vergilium</strong></span> <span class='ocrx_word' id='word_1_243' title='bbox 795 3969 882 4023; x_wconf 89' lang='lat' dir='ltr'><strong>Aen.</strong></span> <span class='ocrx_word' id='word_1_244' title='bbox 903 3987 931 4040; x_wconf 91' lang='lat'><strong>4,</strong></span> <span class='ocrx_word' id='word_1_245' title='bbox 956 3967 1027 4040; x_wconf 82' lang='lat'><strong>534:</strong></span> <span class='ocrx_word' id='word_1_246' title='bbox 1045 3967 1126 4042; x_wconf 81' lang='lat' dir='ltr'><strong>,quid</strong></span> <span class='ocrx_word' id='word_1_247' title='bbox 1144 3966 1287 4044; x_wconf 73' lang='lat' dir='ltr'><strong>agimus,</strong></span> 
     </span>
     <span class='ocr_line' id='line_1_33' title="bbox 160 4050 1289 4127; baseline 0.003 -20"><span class='ocrx_word' id='word_1_248' title='bbox 160 4051 210 4107; x_wconf 87' lang='lat' dir='ltr'><strong>vix</strong></span> <span class='ocrx_word' id='word_1_249' title='bbox 224 4051 282 4108; x_wconf 89' lang='lat' dir='ltr'><strong>hoc</strong></span> <span class='ocrx_word' id='word_1_250' title='bbox 298 4064 342 4108; x_wconf 90' lang='lat' dir='ltr'><strong>est</strong></span> <span class='ocrx_word' id='word_1_251' title='bbox 358 4052 517 4127; x_wconf 87' lang='lat' dir='ltr'><strong>repetitum</strong></span> <span class='ocrx_word' id='word_1_252' title='bbox 534 4069 571 4109; x_wconf 82' lang='lat' dir='ltr'><strong>ex</strong></span> <span class='ocrx_word' id='word_1_253' title='bbox 584 4068 724 4110; x_wconf 85' lang='lat' dir='ltr'><strong>sermone</strong></span> <span class='ocrx_word' id='word_1_254' title='bbox 742 4051 904 4123; x_wconf 88' lang='lat' dir='ltr'><strong>cotidiano,</strong></span> <span class='ocrx_word' id='word_1_255' title='bbox 926 4053 978 4109; x_wconf 89' lang='lat' dir='ltr'><strong>sed</strong></span> <span class='ocrx_word' id='word_1_256' title='bbox 992 4069 1028 4109; x_wconf 88' lang='lat' dir='ltr'><strong>ex</strong></span> <span class='ocrx_word' id='word_1_257' title='bbox 1041 4051 1160 4127; x_wconf 89' lang='lat' dir='ltr'><strong>poetico</strong></span> <span class='ocrx_word' id='word_1_258' title='bbox 1175 4050 1289 4125; x_wconf 83' lang='lat' dir='ltr'><strong>cogita·</strong></span> 
     </span>
     <span class='ocr_line' id='line_1_34' title="bbox 161 4133 975 4211; baseline 0.002 -22"><span class='ocrx_word' id='word_1_259' title='bbox 161 4133 380 4209; x_wconf 78' lang='lat' dir='ltr'><strong>tionisvigore,</strong></span> <span class='ocrx_word' id='word_1_260' title='bbox 394 4154 455 4210; x_wconf 93' lang='lat' dir='ltr'><strong>quo</strong></span> <span class='ocrx_word' id='word_1_261' title='bbox 470 4137 570 4193; x_wconf 86' lang='lat' dir='ltr'><strong>futura</strong></span> <span class='ocrx_word' id='word_1_262' title='bbox 585 4150 617 4193; x_wconf 90' lang='lat' dir='ltr'><strong>ut</strong></span> <span class='ocrx_word' id='word_1_263' title='bbox 628 4136 799 4211; x_wconf 88' lang='lat' dir='ltr'><strong>praesentia</strong></span> <span class='ocrx_word' id='word_1_264' title='bbox 813 4135 975 4209; x_wconf 80' lang='lat' dir='ltr'><strong>fingantur.</strong></span> 
     </span>
    </p>
   </div>
   <div class='ocr_carea' id='block_1_4' title="bbox 0 0 1560 4584">
    <p class='ocr_par' dir='ltr' id='par_1_6' title="bbox 0 0 1560 4584">
     <span class='ocr_line' id='line_1_35' title="bbox 0 0 1560 4584; baseline 0 0"><span class='ocrx_word' id='word_1_265' title='bbox 0 0 1560 4584; x_wconf 95' lang='lat' dir='ltr'><strong> </strong></span> 
     </span>
    </p>
   </div>
  </div>
 </body>
</html>
