3109 4584
716 204 961 277 -34..

272 370 498 439 vementibus.
531 371 649 439 Trin.
684 394 764 462 119:
800 371 853 440 Ei
886 372 941 440 rei
971 394 1115 463 operam
1146 375 1235 444 dare
1266 387 1299 445 te
1314 376 1402 467 fue·

274 496 334 554 rat
376 485 558 576 aliquanto
601 485 757 576 aequius.
784 528 786 535 ι
813 485 947 556 Cure.
987 487 1075 578 637:
1115 489 1165 565 Is,
1186 490 1399 580 priusquam

273 599 433 668 moritur
466 599 556 667 mibi
583 596 684 667 dedit
715 608 882 690 tanquam
910 621 987 681 sno,
1020 611 1060 668 ut
1088 623 1231 692 aequom
1250 602 1395 694 fuerat,

261 715 360 806 filio.
387 714 488 783 Trio.
524 714 627 805 1039:
655 713 734 783 Eue
757 714 886 783 misere
909 715 1018 783 etiam
1042 716 1090 785 ad
1107 718 1287 808 parietem
1315 730 1402 787 suut

260 829 365 920 fixae
402 827 512 897 clavis
534 828 691 920 ferreis,
734 828 795 897 ubi
832 827 945 898 malos
984 851 1101 898 mores
1135 830 1254 923 adfigi
1290 832 1402 919 nimio

261 943 395 1033 suerat
422 941 577 1033 aequius.
608 941 704 1013 Cum
735 963 820 1010 sane
844 942 977 1010 mirum
1003 943 1060 1027 sit,
1087 966 1149 1012 cur
1172 966 1245 1013 non
1271 945 1403 1036 imper·

271 1055 399 1124 fectum
431 1056 485 1124 vel
516 1054 710 1145 perfectum
742 1055 899 1147 positum
931 1057 988 1135 sit,
1032 1074 1151 1126 tamen
1193 1060 1401 1150 plusquam-

272 1169 466 1262 perfectum
500 1170 635 1239 ratione
673 1192 746 1240 non
785 1188 891 1240 caret.
921 1170 1072 1240 Videtur
1104 1171 1202 1240 enim
1236 1174 1399 1242 condicio

273 1284 403 1352 horum
428 1285 588 1352 locorum
622 1283 740 1374 aliqua
772 1306 815 1352 ex
844 1301 942 1374 parte
969 1284 1097 1353 similis
1127 1309 1203 1355 esse
1232 1287 1283 1356 cis
1311 1310 1403 1378 quos

272 1420 307 1487 p.
349 1422 384 1466 11
422 1397 726 1490 pertractavimus.
765 1399 862 1469 Nam
895 1396 1052 1483 officium
1083 1399 1176 1469 valet
1199 1417 1233 1469 et
1257 1418 1336 1470 ante
1360 1401 1397 1468 id

272 1529 412 1603 tempus
446 1528 479 1581 et
510 1534 572 1601 per
605 1512 640 1580 id
668 1513 729 1582 ubi
765 1529 982 1605 exspectetur
1021 1515 1110 1583 actio
1146 1515 1233 1605 ipsa.
1278 1517 1400 1604 ltaque

273 1644 311 1694 ut
343 1626 413 1695 illic
446 1627 490 1696 ad
523 1627 770 1696 condicionem
804 1627 1039 1718 temporalem
1063 1628 1167 1717 plene
1199 1627 1399 1718 exprimen-

272 1741 356 1809 dam
385 1740 630 1831 imperlectum
661 1741 745 1830 poni
776 1764 880 1833 posse
913 1740 1251 1825 demonstravimus,
1287 1741 1336 1808 sic
1363 1740 1399 1808 in

273 1855 350 1922 loco
375 1871 426 1922 est
451 1856 507 1923 hic
531 1854 932 1944 plusquamperfectum.

361 1968 475 2036 Venio
514 1990 608 2036 nunc
648 1968 691 2037 ad
739 1967 1076 2059 plusquamperfecti
1125 1968 1159 2037 in
1209 1969 1399 2037 enuntiatis

271 2080 488 2150 secundariis
513 2103 630 2149 usum.
657 2084 775 2170 Atque
801 2080 959 2171 primum
983 2081 1130 2171 quidem
1155 2081 1188 2148 in
1212 2082 1400 2149 enuntiatis

271 2194 527 2287 temporalibus
559 2217 598 2263 ea
629 2194 880 2285 rationequtan
918 2211 968 2279 ut,
1009 2217 1092 2263 cum
1130 2218 1149 2263 a
1181 2194 1398 2278 Luebberto‚

272 2310 427 2401 Langio‚
462 2308 659 2380 Sch'uberto
705 2308 775 2377 iam
813 2324 1021 2398 pertractata
1060 2308 1149 2392 sint,
1190 2331 1229 2377 ea
1263 2326 1400 2376 tantum

272 2423 414 2493 afferam
444 2445 535 2513 quae
568 2440 649 2492 sunt
688 2422 852 2491 addenda
890 2421 943 2490 vel
981 2422 1201 2514 corrigenda.
1254 2424 1401 2515 Legitur

273 2538 302 2606 E
312 2538 402 2629 pid.
435 2558 525 2624 444:
557 2538 673 2627 Atque
704 2538 787 2606 haec
816 2536 1015 2604 stultitiast
1039 2558 1091 2604 me
1117 2535 1176 2604 illi
1201 2536 1292 2604 vitio
1316 2558 1401 2607 ror-

246 2632 357 2734 tere,
389 2661 525 2742 egomet
553 2650 646 2741 quod
664 2649 845 2741 factitari
876 2651 912 2718 in
940 2649 1178 2718 adulescentia
1204 2672 1306 2741 quom
1333 2652 1400 2718 mi-

270 2763 440 2841 litabam:
466 2764 602 2854 pugnis
633 2761 874 2832 memorandis
907 2762 993 2830 meis
1022 2759 1249 2830 eradicabam
1278 2763 1401 2830 nomi-

270 2898 351 2955 num
381 2898 488 2944 aures
515 2875 654 2966 quando
685 2898 897 2966 occeperam.
943 2876 1000 2945 Ad
1032 2897 1138 2965 quem
1180 2875 1298 2943 locum
1336 2875 1401 2942 ad-

272 2992 406 3060 notavit
443 2991 629 3061 Goetzius:
668 2992 764 3062 Vers.
798 3012 996 3081 444-447,
1030 3013 1115 3082 quos
1142 3000 1228 3082 post
1259 3012 1398 3059 uersum

269 3107 350 3190 430
372 3104 498 3174 babent
515 3105 616 3187 libri,
642 3106 707 3176 buc
731 3107 979 3197 transposui...
992 3115 1078 3196 post
1093 3109 1179 3191 455
1193 3103 1400 3185 Acidalius;

271 3241 468 3310 quanquam
508 3219 660 3290 nondum
700 3221 819 3290 omnia
860 3231 953 3291 recte
993 3244 1030 3287 se
1068 3220 1194 3288 habere
1232 3218 1399 3300 coucedo;

270 3357 315 3402 an
338 3346 436 3405 uetus
462 3333 745 3404 additamentum
759 3344 850 3404 ,sunt
876 3357 967 3403 uers.
995 3336 1179 3420 442-443
1196 3332 1399 3423 perincom-

271 3447 397 3518 modi?
428 3450 482 3520 Ne
516 3448 591 3539 ipse
617 3449 761 3540 quidem
780 3449 877 3517 ‚bene
892 3448 1024 3516 'omnia
1048 3447 1139 3515 inter
1162 3471 1198 3514 se
1225 3444 1399 3535 quadrare

270 3585 414 3647 censeo3
459 3585 573 3653 neque
611 3580 728 3631 tamen
759 3583 849 3630 vers.
882 3561 1042 3649 442-443
1074 3561 1195 3629 sedem
1219 3581 1296 3627 esse
1320 3579 1399 3625 cor—

270 3677 426 3768 ruptelae
457 3695 557 3768 puto,
589 3678 650 3746 sed
683 3698 772 3745 vers.
807 3676 979 3767 443-447.
1036 3674 1136 3766 Quid
1169 3673 1266 3743 enim
1298 3670 1397 3740 Peri-

270 3793 404 3882 phanes
436 3790 490 3860 his
521 3790 638 3860 verbis
667 3789 740 3858 vim
767 3806 898 3858 'eorum
938 3811 1027 3879 quae
1068 3787 1278 3856 antecedunt
1314 3801 1398 3852 atte-

271 3906 418 3973 nuaret?
453 3904 588 3974 Deinde
631 3926 695 3993 pro
728 3915 861 3992 ‚atque
897 3918 1139 3991 exspectamus
1176 3898 1281 3984 ped,
1316 3917 1398 3964 cum

271 4034 440 4107 sequatur
486 4039 542 4084 res
589 4014 812 4106 praecedenti
859 4014 1034 4105 opposita.
1077 4012 1254 4101 Denique,
1285 4009 1397 4100 quod

271 4129 424 4198 maxime
469 4131 512 4198 ad
569 4128 794 4219 propositum
841 4145 1002 4196 nostrum
1049 4127 1213 4218 pertinet,
1261 4142 1398 4218 praeter
