3109 4584
596 198 842 270 ..53-

156 370 308 437 dubium
337 371 550 439 vocandum.
588 370 771 440 Accedunt
800 370 872 438 duo
905 369 1064 458 exempla
1097 367 1281 435 simillima
1385 422 1392 433 „

157 506 248 573 quae
264 507 466 575 quanquam
485 486 650 553 Plautina
673 507 743 553 non
770 502 866 569 sunt,
881 501 999 552 tamen
1023 484 1180 551 hocloco
1198 483 1281 552 affe·

159 617 280 668 tantur
303 601 346 668 ad
376 599 536 669 futurum
565 601 601 668 in
631 594 732 669 versu
760 601 924 668 Pseud.
957 599 1042 688 1173
1069 599 1281 666 confirman-

158 718 257 784 dum.
277 717 441 785 Primum
460 740 543 786 sane
561 717 724 808 spurium
742 733 793 784 est
808 717 1088 784 additamentum
1108 716 1281 783 insertum

158 855 248 902 vers.
269 835 397 902 Poen.
416 835 480 904 631
498 862 505 903 :
525 835 568 903 Si
585 833 806 920 benedicetis,
823 845 945 902 vostra
966 856 1027 902 aas
1042 833 1123 925 ripa
1139 855 1278 924 sequar.

158 948 324 1017 Alterum
339 966 447 1018 exstat
463 949 547 1020 Cae
559 972 587 1018 c.
607 949 717 1021 Stat.
735 972 770 1039 p.
791 971 854 1036 24:
876 949 1001 1030 Reme,
1018 948 1162 1017 audibis
1177 948 1279 1029 male,
1321 950 1324 956 ’

158 1062 194 1129 si
222 1062 311 1130 male
339 1061 440 1131 dixis
469 1064 569 1146 milii,
605 1064 721 1144 ‚dicis‘
746 1065 848 1148 Vat.3
890 1063 1007 1146 ‚dixis‘
1043 1062 1151 1130 editio
1176 1062 1280 1132 Gellii

160 1178 402 1262 Gronoviana,
436 1180 479 1247 ad
511 1180 606 1269 quod
641 1177 802 1263 ‚fortasse
836 1183 939 1246 recte‘
974 1177 1154 1246 adnotavit
1193 1177 1281 1245 Rib-

160 1293 318 1361 beckius.
359 1296 484 1384 Neque
523 1277 639 1385 potest
669 1317 743 1362 esse
782 1293 935 1361 dubium
971 1293 1056 1382 quin
1092 1292 1208 1376 ,dixis
1238 1292 1282 1361 sit

157 1431 241 1500 vera
270 1408 371 1476 lectio
403 1409 567 1500 respectis
597 1409 640 1477 iis
671 1432 762 1499 quae
790 1407 947 1497 exposui.

139 1545 147 1551 ’
246 1527 363 1611 Atque
385 1545 467 1590 curn
496 1523 644 1591 Plautus
666 1524 919 1591 tantummodo
943 1523 979 1590 in
1003 1522 1058 1590 his
1082 1522 1282 1590 enuntiato-

158 1659 238 1705 rum
263 1636 563 1705 condicionalium
589 1638 777 1730 generibus
805 1661 970 1727 praesens
993 1660 1058 1728 pro
1078 1637 1196 1705 lutura
1221 1639 1282 1705 ad·

157 1752 286 1835 mittat,
317 1752 505 1820 Terentius
536 1770 569 1820 et
596 1774 703 1843 quern
735 1748 874 1841 semper
906 1751 1132 1841 adiungimus
1157 1751 1282 1821 Cicero

158 1890 324 1957 praesens
339 1885 433 1936 extra
449 1868 513 1936 hos
529 1869 614 1936 fines
632 1868 812 1936 adhibent.
840 1866 896 1937 cf.
917 1867 1012 1934 locos
1036 1868 1121 1934 hos:
1145 1866 1282 1937 Heau-

157 1999 265 2051 tont.
306 2008 390 2074 107:
435 1982 479 2050 Si
508 1984 545 2050 id
574 2005 640 2051 non
663 1984 777 2075 facis,
808 2005 873 2073 ego
904 1980 997 2074 quod
1026 2005 1079 2050 me
1109 1985 1145 2049 in
1172 1992 1205 2050 te
1233 1983 1283 2050 sit

147 2099 278 2192 facere
306 2098 455 2190 dignum
487 2099 667 2180 invenem
702 2098 813 2166 ibid.
848 2099 938 2188 996:
965 2098 1060 2165 Nam
1083 2099 1118 2166 si
1143 2121 1231 2166 natac
1260 2122 1281 2166 a

157 2214 258 2282 nabis
288 2214 366 2282 abis
390 2224 422 2282 et
452 2212 660 2283 Bacchidem
683 2213 739 2281 liic
764 2213 949 2304 relinquis,
982 2234 1087 2280 senex
1121 2213 1284 2281 resciscet

159 2328 243 2398 ilico
272 2352 343 2397 esse
370 2330 520 2398 anticam
553 2330 640 2398 hanc
668 2327 900 2418 Clitiphonis.
934 2328 1026 2398 Cic.
1056 2328 1132 2399 nd.
1167 2331 1280 2397 Fam.

157 2444 203 2526 V,
239 2465 292 2528 12,
326 2447 371 2512 8:
415 2442 519 2534 Quod
544 2444 579 2512 si
601 2465 623 2511 a
649 2453 681 2511 te
706 2465 772 2510 iton
798 2442 962 2531 impetra,
989 2465 1102 2535 cogar
1125 2445 1284 2531 fortasse

156 2558 290 2647 facere,
324 2557 415 2650 qztad
448 2557 610 2626 nonnulli
638 2580 739 2648 saepe
770 2557 1040 2648 reprehendunt.

250 2673 385 2741 Deinde
416 2697 435 2741 a
466 2673 696 2741 Rotheimero
728 2695 760 2761 p.
791 2694 835 2764 29
860 2671 926 2741 loci
955 2689 1037 2739 sunt
1061 2673 1196 2741 collecti
1222 2674 1283 2743 ubi

160 2786 326 2877 apodosis
355 2809 561 2876 quanquam
588 2786 742 2854 continet
773 2787 847 2854 vim
880 2787 1084 2870 futuralem‚
1117 2809 1283 2876 praesens

159 2900 330 2969 exhibeat.
380 2899 645 2971 Secludendum
690 2918 808 2968 autem
845 2900 932 2969 mihi
970 2900 1109 2968 videtur
1146 2923 1186 2968 ex
1217 2900 1283 2968 hoc

159 3034 308 3083 numero
337 3010 405 3083 Sti
418 3014 480 3081 ch.
508 3014 579 3083 68:
609 3012 706 3104 Quid
734 3014 878 3105 agimus
900 3035 1020 3096 saror,
1040 3014 1075 3081 si
1091 3014 1282 3105 affirmavit

152 3138 263 3218 pater
286 3127 476 3196 advorsum
501 3127 595 3197 teos?
628 3127 858 3212 ‚Offirmabit‘
889 3129 1028 3218 scripsit
1057 3128 1284 3212 Ritschelius‚

160 3263 274 3330 neque
299 3264 383 3309 vero
408 3241 442 3309 in
469 3242 622 3332 perfecto
647 3241 890 3311 difficultatem
920 3243 1045 3338 inesse
1065 3261 1163 3332 puto.
1199 3243 1283 3311 Per·

159 3355 290 3423 lectum
307 3353 402 3422 enim
420 3355 462 3438 si,
484 3372 522 3423 ut
545 3376 609 3445 par
629 3373 692 3440 est,
712 3357 864 3448 logicum
884 3355 1170 3446 interpretamur,
1190 3355 1282 3424 idem

161 3469 329 3557 estquod
364 3490 428 3535 nos
461 3468 635 3536 dicimus:
670 3491 711 3538 et·
734 3471 795 3538 liat
819 3471 892 3539 sich
917 3472 990 3561 aits
1008 3469 1103 3538 seine
1134 3470 1285 3539 Ansiclrt

156 3581 328 3672 gesteift;
365 3583 461 3672 quod
495 3604 577 3650 cum
616 3583 688 3651 iam
720 3584 906 3674 praeterito
933 3600 1094 3675 tempore
1127 3584 1283 3672 coepisse

161 3694 285 3784 possit,
316 3711 406 3764 recte
441 3697 585 3784 ponitur
616 3696 820 3788 perfectum.
870 3697 1006 3768 Contra
1043 3698 1164 3766 omisit
1196 3700 1284 3766 Rot-

161 3807 339 3877 heimerus
372 3809 512 3877 Poen.
546 3812 636 3901 671:
668 3810 745 3879 Rex
773 3834 864 3893 sum,
897 3813 933 3879 si
960 3831 1025 3901 ego
1056 3811 1157 3879 illum
1182 3810 1285 3880 hodie

160 3920 208 3989 ad
231 3921 309 3990 med
332 3923 504 3992 hominem
528 3923 699 3993 allexero.
729 3927 902 3994 Praesens
923 3926 957 3993 in
980 3926 1126 4015 apodosi
1144 3925 1284 3994 adhibi-

160 4051 236 4103 tum
262 4037 415 4125 speciem
440 4037 588 4107 fiduciae
612 4063 695 4129 prae
719 4064 755 4108 se
781 4041 857 4109 fert.
896 4042 1031 4110 Deinde
1059 4064 1120 4130 per
1144 4066 1179 4110 se
1204 4043 1284 4133 qui-

162 4152 242 4218 dem
276 4151 431 4220 dubitari
460 4153 539 4222 licet
569 4155 611 4222 de
638 4155 731 4224 Mil.
756 4157 867 4246 glor.
896 4179 981 4247 249:
1016 4157 1086 4227 Sed
1108 4158 1143 4225 si
1165 4159 1285 4227 ambas
