<?xml version="1.0" encoding="UTF-8"?>
<!DOCTYPE html PUBLIC "-//W3C//DTD XHTML 1.0 Transitional//EN"
    "http://www.w3.org/TR/xhtml1/DTD/xhtml1-transitional.dtd">
<html xmlns="http://www.w3.org/1999/xhtml" xml:lang="en" lang="en">
 <head>
  <title>
</title>
<meta http-equiv="Content-Type" content="text/html;charset=utf-8" />
  <meta name='ocr-system' content='tesseract 3.04.00' />
  <meta name='ocr-capabilities' content='ocr_page ocr_carea ocr_par ocr_line ocrx_word'/>
</head>
<body>
  <div class='ocr_page' id='page_1' title='image "./detemporumusupl00rodegoog_0050.png"; bbox 0 0 3109 4584; ppageno 0'>
   <div class='ocr_carea' id='block_1_1' title="bbox 721 194 967 268">
    <p class='ocr_par' dir='ltr' id='par_1_1' title="bbox 721 194 967 268">
     <span class='ocr_line' id='line_1_1' title="bbox 721 194 967 268; baseline -0.004 -18"><span class='ocrx_word' id='word_1_1' title='bbox 721 194 967 268; x_wconf 63' lang='lat'>...45-</span> 
     </span>
    </p>
   </div>
   <div class='ocr_carea' id='block_1_2' title="bbox 280 365 1413 1595">
    <p class='ocr_par' dir='ltr' id='par_1_2' title="bbox 280 365 1413 1595">
     <span class='ocr_line' id='line_1_2' title="bbox 283 365 1409 460; baseline 0.002 -25"><span class='ocrx_word' id='word_1_2' title='bbox 283 368 371 436; x_wconf 79' lang='lat' dir='ltr'><em>Sa:</em></span> <span class='ocrx_word' id='word_1_3' title='bbox 396 367 575 437; x_wconf 86' lang='lat' dir='ltr'><em>Fatebor:</em></span> <span class='ocrx_word' id='word_1_4' title='bbox 601 390 667 460; x_wconf 73' lang='lat' dir='ltr'><em>ego</em></span> <span class='ocrx_word' id='word_1_5' title='bbox 700 368 806 437; x_wconf 84' lang='lat' dir='ltr'><em>huius</em></span> <span class='ocrx_word' id='word_1_6' title='bbox 829 367 925 437; x_wconf 85' lang='lat' dir='ltr'><em>clueo</em></span> <span class='ocrx_word' id='word_1_7' title='bbox 939 366 1029 460; x_wconf 87' lang='lat' dir='ltr'><em>fani</em></span> <span class='ocrx_word' id='word_1_8' title='bbox 1051 365 1229 436; x_wconf 66' lang='lat' dir='ltr'><em>sacerdos·</em></span> <span class='ocrx_word' id='word_1_9' title='bbox 1256 365 1409 437; x_wconf 85' lang='lat' dir='ltr'><em>Excusa-</em></span> 
     </span>
     <span class='ocr_line' id='line_1_3' title="bbox 281 480 1410 566; baseline -0.004 -17"><span class='ocrx_word' id='word_1_10' title='bbox 281 480 417 550; x_wconf 91' lang='lat' dir='ltr'><em>tionem</em></span> <span class='ocrx_word' id='word_1_11' title='bbox 434 503 543 550; x_wconf 89' lang='lat' dir='ltr'><em>suam</em></span> <span class='ocrx_word' id='word_1_12' title='bbox 567 482 674 552; x_wconf 88' lang='lat' dir='ltr'><em>habet</em></span> <span class='ocrx_word' id='word_1_13' title='bbox 706 482 773 551; x_wconf 91' lang='lat' dir='ltr'><em>hoc</em></span> <span class='ocrx_word' id='word_1_14' title='bbox 806 482 884 554; x_wconf 86' lang='lat' dir='ltr'><em>loco</em></span> <span class='ocrx_word' id='word_1_15' title='bbox 917 481 1097 566; x_wconf 63' lang='lat' dir='ltr'><em>fututumq</em></span> <span class='ocrx_word' id='word_1_16' title='bbox 1133 503 1216 550; x_wconf 89' lang='lat' dir='ltr'><em>nam</em></span> <span class='ocrx_word' id='word_1_17' title='bbox 1247 481 1410 549; x_wconf 82' lang='lat' dir='ltr'>sacerdos</span> 
     </span>
     <span class='ocr_line' id='line_1_4' title="bbox 280 593 1409 692; baseline -0.002 -29"><span class='ocrx_word' id='word_1_18' title='bbox 280 617 364 663; x_wconf 91' lang='lat' dir='ltr'><em>cum</em></span> <span class='ocrx_word' id='word_1_19' title='bbox 407 595 496 664; x_wconf 86' lang='lat' dir='ltr'>dixit</span> <span class='ocrx_word' id='word_1_20' title='bbox 535 595 712 692; x_wconf 81' lang='lat' dir='ltr'><em>‚fatebor‘‚</em></span> <span class='ocrx_word' id='word_1_21' title='bbox 751 597 887 665; x_wconf 88' lang='lat' dir='ltr'><em>nullam</em></span> <span class='ocrx_word' id='word_1_22' title='bbox 922 596 1182 665; x_wconf 85' lang='lat' dir='ltr'><em>confessionem</em></span> <span class='ocrx_word' id='word_1_23' title='bbox 1220 594 1254 662; x_wconf 94' lang='lat' dir='ltr'><em>in</em></span> <span class='ocrx_word' id='word_1_24' title='bbox 1299 593 1409 663; x_wconf 88' lang='lat' dir='ltr'><em>verbo</em></span> 
     </span>
     <span class='ocr_line' id='line_1_5' title="bbox 280 707 1409 799; baseline -0.002 -22"><span class='ocrx_word' id='word_1_25' title='bbox 280 708 414 778; x_wconf 82' lang='lat' dir='ltr'><em>fatendi</em></span> <span class='ocrx_word' id='word_1_26' title='bbox 440 710 517 799; x_wconf 91' lang='lat' dir='ltr'><em>ipso</em></span> <span class='ocrx_word' id='word_1_27' title='bbox 542 710 654 779; x_wconf 89' lang='lat' dir='ltr'><em>inesse</em></span> <span class='ocrx_word' id='word_1_28' title='bbox 688 711 783 779; x_wconf 87' lang='lat' dir='ltr'><em>vult:</em></span> <span class='ocrx_word' id='word_1_29' title='bbox 819 709 932 779; x_wconf 91' lang='lat' dir='ltr'><em>immo</em></span> <span class='ocrx_word' id='word_1_30' title='bbox 957 732 1052 779; x_wconf 71' lang='lat' dir='ltr'><em>cum-</em></span> <span class='ocrx_word' id='word_1_31' title='bbox 1077 708 1230 778; x_wconf 82' lang='lat' dir='ltr'>maxime</span> <span class='ocrx_word' id='word_1_32' title='bbox 1256 707 1291 776; x_wconf 92' lang='lat' dir='ltr'><em>id</em></span> <span class='ocrx_word' id='word_1_33' title='bbox 1309 724 1409 798; x_wconf 71' lang='lat' dir='ltr'><em>agat,</em></span> 
     </span>
     <span class='ocr_line' id='line_1_6' title="bbox 283 820 1411 914; baseline -0.004 -23"><span class='ocrx_word' id='word_1_34' title='bbox 283 840 336 908; x_wconf 77' lang='lat' dir='ltr'><em>ut,</em></span> <span class='ocrx_word' id='word_1_35' title='bbox 361 845 453 914; x_wconf 87' lang='lat' dir='ltr'><em>quae</em></span> <span class='ocrx_word' id='word_1_36' title='bbox 477 840 686 914; x_wconf 80' lang='lat' dir='ltr'><em>sequuntur,</em></span> <span class='ocrx_word' id='word_1_37' title='bbox 712 823 835 892; x_wconf 89' lang='lat' dir='ltr'><em>animo</em></span> <span class='ocrx_word' id='word_1_38' title='bbox 859 840 991 892; x_wconf 90' lang='lat' dir='ltr'><em>attento</em></span> <span class='ocrx_word' id='word_1_39' title='bbox 1010 822 1262 914; x_wconf 84' lang='lat' dir='ltr'>percipiantur,</span> <span class='ocrx_word' id='word_1_40' title='bbox 1289 820 1411 889; x_wconf 87' lang='lat' dir='ltr'><em>futuro</em></span> 
     </span>
     <span class='ocr_line' id='line_1_7' title="bbox 284 933 1411 1024; baseline -0.005 -19"><span class='ocrx_word' id='word_1_41' title='bbox 284 937 381 1006; x_wconf 86' lang='lat' dir='ltr'><em>verbi</em></span> <span class='ocrx_word' id='word_1_42' title='bbox 407 937 539 1006; x_wconf 86' lang='lat' dir='ltr'><em>fatendi</em></span> <span class='ocrx_word' id='word_1_43' title='bbox 565 938 631 1006; x_wconf 90' lang='lat' dir='ltr'><em>hoe</em></span> <span class='ocrx_word' id='word_1_44' title='bbox 662 937 740 1004; x_wconf 90' lang='lat' dir='ltr'><em>loco</em></span> <span class='ocrx_word' id='word_1_45' title='bbox 769 935 926 1004; x_wconf 89' lang='lat' dir='ltr'><em>admisso</em></span> <span class='ocrx_word' id='word_1_46' title='bbox 955 936 1021 1004; x_wconf 90' lang='lat' dir='ltr'><em>hoc</em></span> <span class='ocrx_word' id='word_1_47' title='bbox 1054 934 1203 1024; x_wconf 87' lang='lat' dir='ltr'>exprimi</span> <span class='ocrx_word' id='word_1_48' title='bbox 1229 935 1305 1002; x_wconf 89' lang='lat' dir='ltr'><em>vult</em></span> <span class='ocrx_word' id='word_1_49' title='bbox 1339 933 1411 1000; x_wconf 91' lang='lat' dir='ltr'><em>iam</em></span> 
     </span>
     <span class='ocr_line' id='line_1_8' title="bbox 284 1045 1411 1142; baseline -0.005 -24"><span class='ocrx_word' id='word_1_50' title='bbox 284 1051 386 1142; x_wconf 88' lang='lat' dir='ltr'><em>sequi</em></span> <span class='ocrx_word' id='word_1_51' title='bbox 417 1051 533 1119; x_wconf 92' lang='lat' dir='ltr'>illud:</span> <span class='ocrx_word' id='word_1_52' title='bbox 560 1072 625 1142; x_wconf 80' lang='lat' dir='ltr'><em>ego</em></span> <span class='ocrx_word' id='word_1_53' title='bbox 649 1049 755 1119; x_wconf 82' lang='lat' dir='ltr'><em>huius</em></span> <span class='ocrx_word' id='word_1_54' title='bbox 768 1048 867 1118; x_wconf 83' lang='lat' dir='ltr'><em>clueo</em></span> <span class='ocrx_word' id='word_1_55' title='bbox 880 1049 972 1142; x_wconf 84' lang='lat' dir='ltr'><em>fani</em></span> <span class='ocrx_word' id='word_1_56' title='bbox 994 1047 1172 1118; x_wconf 80' lang='lat' dir='ltr'><strong><em>sacerdos.</em></strong></span> <span class='ocrx_word' id='word_1_57' title='bbox 1200 1045 1317 1118; x_wconf 86' lang='lat' dir='ltr'>Simili</span> <span class='ocrx_word' id='word_1_58' title='bbox 1332 1067 1411 1114; x_wconf 91' lang='lat' dir='ltr'><em>con·</em></span> 
     </span>
     <span class='ocr_line' id='line_1_9' title="bbox 284 1161 1410 1254; baseline -0.002 -23"><span class='ocrx_word' id='word_1_59' title='bbox 284 1163 368 1233; x_wconf 84' lang='lat' dir='ltr'><em>silio¹</em></span> <span class='ocrx_word' id='word_1_60' title='bbox 389 1180 600 1254; x_wconf 85' lang='lat' dir='ltr'><em>usurpatum</em></span> <span class='ocrx_word' id='word_1_61' title='bbox 624 1162 781 1233; x_wconf 86' lang='lat' dir='ltr'><em>invenies</em></span> <span class='ocrx_word' id='word_1_62' title='bbox 812 1161 975 1232; x_wconf 87' lang='lat' dir='ltr'><em>futurum</em></span> <span class='ocrx_word' id='word_1_63' title='bbox 1009 1161 1170 1247; x_wconf 58' lang='lat' dir='ltr'><em>‚fateborf</em></span> <span class='ocrx_word' id='word_1_64' title='bbox 1196 1162 1291 1252; x_wconf 87' lang='lat' dir='ltr'><em>apud</em></span> <span class='ocrx_word' id='word_1_65' title='bbox 1323 1161 1410 1229; x_wconf 87' lang='lat' dir='ltr'><em>Ver-</em></span> 
     </span>
     <span class='ocr_line' id='line_1_10' title="bbox 285 1272 1413 1368; baseline -0.004 -24"><span class='ocrx_word' id='word_1_66' title='bbox 285 1276 425 1368; x_wconf 72' lang='lat' dir='ltr'><em>gilium,</em></span> <span class='ocrx_word' id='word_1_67' title='bbox 451 1277 578 1367; x_wconf 82' lang='lat' dir='ltr'><strong>eclog.</strong></span> <span class='ocrx_word' id='word_1_68' title='bbox 607 1276 637 1360; x_wconf 76' lang='grc' dir='ltr'><em>Ι,</em></span> <span class='ocrx_word' id='word_1_69' title='bbox 664 1276 731 1344; x_wconf 83' lang='lat'><em>32:</em></span> <span class='ocrx_word' id='word_1_70' title='bbox 758 1276 920 1367; x_wconf 83' lang='lat' dir='ltr'><em>Namque</em></span> <span class='ocrx_word' id='word_1_71' title='bbox 936 1277 1090 1368; x_wconf 85' lang='lat' dir='ltr'><em>fatebor</em></span> <span class='ocrx_word' id='word_1_72' title='bbox 1112 1272 1217 1356; x_wconf 84' lang='lat' dir='ltr'><em>enim,</em></span> <span class='ocrx_word' id='word_1_73' title='bbox 1252 1272 1335 1342; x_wconf 87' lang='lat' dir='ltr'><em>dum</em></span> <span class='ocrx_word' id='word_1_74' title='bbox 1360 1297 1413 1341; x_wconf 86' lang='lat' dir='ltr'><em>me</em></span> 
     </span>
     <span class='ocr_line' id='line_1_11' title="bbox 285 1389 1411 1480; baseline -0.002 -22"><span class='ocrx_word' id='word_1_75' title='bbox 285 1389 438 1458; x_wconf 83' lang='lat' dir='ltr'><em>Galatea</em></span> <span class='ocrx_word' id='word_1_76' title='bbox 468 1391 617 1471; x_wconf 87' lang='lat' dir='ltr'><em>tenebat,</em></span> <span class='ocrx_word' id='word_1_77' title='bbox 645 1411 704 1458; x_wconf 89' lang='lat' dir='ltr'><em>nec</em></span> <span class='ocrx_word' id='word_1_78' title='bbox 730 1411 810 1480; x_wconf 78' lang='lat' dir='ltr'><em>spes</em></span> <span class='ocrx_word' id='word_1_79' title='bbox 833 1389 1017 1459; x_wconf 78' lang='lat' dir='ltr'><em>libertatis</em></span> <span class='ocrx_word' id='word_1_80' title='bbox 1041 1400 1123 1459; x_wconf 88' lang='lat' dir='ltr'><em>erat</em></span> <span class='ocrx_word' id='word_1_81' title='bbox 1157 1411 1217 1457; x_wconf 88' lang='lat' dir='ltr'><em>nec</em></span> <span class='ocrx_word' id='word_1_82' title='bbox 1239 1411 1326 1458; x_wconf 87' lang='lat' dir='ltr'><em>cura</em></span> <span class='ocrx_word' id='word_1_83' title='bbox 1345 1409 1411 1478; x_wconf 76' lang='lat' dir='ltr'><em>po-</em></span> 
     </span>
     <span class='ocr_line' id='line_1_12' title="bbox 286 1503 1412 1595; baseline -0.001 -24"><span class='ocrx_word' id='word_1_84' title='bbox 286 1503 412 1572; x_wconf 72' lang='lat' dir='ltr'><em>culi...</em></span> <span class='ocrx_word' id='word_1_85' title='bbox 443 1503 569 1593; x_wconf 88' lang='lat' dir='ltr'><strong>Neque</strong></span> <span class='ocrx_word' id='word_1_86' title='bbox 594 1505 757 1594; x_wconf 77' lang='lat' dir='ltr'><em>Propert.</em></span> <span class='ocrx_word' id='word_1_87' title='bbox 792 1504 846 1573; x_wconf 89' lang='lat'><em>111</em></span> <span class='ocrx_word' id='word_1_88' title='bbox 874 1526 932 1591; x_wconf 80' lang='lat'><em>24,</em></span> <span class='ocrx_word' id='word_1_89' title='bbox 955 1525 993 1573; x_wconf 85' lang='lat'><em>12</em></span> <span class='ocrx_word' id='word_1_90' title='bbox 1022 1504 1199 1595; x_wconf 83' lang='lat' dir='ltr'><em>singulare</em></span> <span class='ocrx_word' id='word_1_91' title='bbox 1215 1504 1412 1594; x_wconf 89' lang='lat' dir='ltr'><em>quidquam</em></span> 
     </span>
    </p>
   </div>
   <div class='ocr_carea' id='block_1_3' title="bbox 286 1616 1414 1818">
    <p class='ocr_par' dir='ltr' id='par_1_3' title="bbox 286 1616 1414 1818">
     <span class='ocr_line' id='line_1_13' title="bbox 286 1616 1412 1705; baseline -0.001 -20"><span class='ocrx_word' id='word_1_92' title='bbox 286 1617 323 1685; x_wconf 92' lang='lat' dir='ltr'><em>in</em></span> <span class='ocrx_word' id='word_1_93' title='bbox 353 1616 474 1687; x_wconf 82' lang='lat' dir='ltr'><em>futuro</em></span> <span class='ocrx_word' id='word_1_94' title='bbox 513 1618 622 1702; x_wconf 79' lang='lat' dir='ltr'><em>inest3</em></span> <span class='ocrx_word' id='word_1_95' title='bbox 655 1616 881 1705; x_wconf 85' lang='lat' dir='ltr'><em>referendum</em></span> <span class='ocrx_word' id='word_1_96' title='bbox 911 1618 1006 1686; x_wconf 90' lang='lat' dir='ltr'><em>enim</em></span> <span class='ocrx_word' id='word_1_97' title='bbox 1036 1635 1087 1687; x_wconf 87' lang='lat' dir='ltr'><em>est</em></span> <span class='ocrx_word' id='word_1_98' title='bbox 1116 1619 1160 1687; x_wconf 92' lang='lat' dir='ltr'><em>ad</em></span> <span class='ocrx_word' id='word_1_99' title='bbox 1189 1640 1229 1697; x_wconf 82' lang='lat' dir='ltr'><em>ea</em></span> <span class='ocrx_word' id='word_1_100' title='bbox 1259 1616 1412 1688; x_wconf 84' lang='lat' dir='ltr'>maxime</span> 
     </span>
     <span class='ocr_line' id='line_1_14' title="bbox 286 1726 1414 1818; baseline 0 -24"><span class='ocrx_word' id='word_1_101' title='bbox 286 1749 379 1816; x_wconf 89' lang='lat' dir='ltr'><em>quae</em></span> <span class='ocrx_word' id='word_1_102' title='bbox 411 1745 609 1816; x_wconf 90' lang='lat' dir='ltr'><em>sequuntur</em></span> <span class='ocrx_word' id='word_1_103' title='bbox 638 1726 728 1803; x_wconf 73' lang='lat' dir='ltr'><em>inde,</em></span> <span class='ocrx_word' id='word_1_104' title='bbox 752 1751 784 1796; x_wconf 89' lang='lat' dir='ltr'><em>a.</em></span> <span class='ocrx_word' id='word_1_105' title='bbox 821 1750 853 1795; x_wconf 89' lang='lat' dir='ltr'><em>v.</em></span> <span class='ocrx_word' id='word_1_106' title='bbox 894 1729 947 1797; x_wconf 82' lang='lat'><em>13.</em></span> <span class='ocrx_word' id='word_1_107' title='bbox 982 1728 1050 1796; x_wconf 94' lang='lat' dir='ltr'><em>His</em></span> <span class='ocrx_word' id='word_1_108' title='bbox 1080 1727 1246 1818; x_wconf 83' lang='lat' dir='ltr'><em>expositis</em></span> <span class='ocrx_word' id='word_1_109' title='bbox 1270 1744 1414 1817; x_wconf 87' lang='lat' dir='ltr'><em>apparet</em></span> 
     </span>
    </p>
   </div>
   <div class='ocr_carea' id='block_1_4' title="bbox 287 1840 1422 3984">
    <p class='ocr_par' dir='ltr' id='par_1_4' title="bbox 287 1840 1414 2596">
     <span class='ocr_line' id='line_1_15' title="bbox 287 1840 1411 1935; baseline 0 -27"><span class='ocrx_word' id='word_1_110' title='bbox 287 1840 374 1931; x_wconf 90' lang='lat' dir='ltr'><em>quid</em></span> <span class='ocrx_word' id='word_1_111' title='bbox 407 1841 451 1908; x_wconf 90' lang='lat' dir='ltr'><em>sit</em></span> <span class='ocrx_word' id='word_1_112' title='bbox 491 1842 723 1910; x_wconf 88' lang='lat' dir='ltr'><em>iudicandum</em></span> <span class='ocrx_word' id='word_1_113' title='bbox 756 1842 801 1910; x_wconf 88' lang='lat' dir='ltr'><em>de</em></span> <span class='ocrx_word' id='word_1_114' title='bbox 830 1863 935 1910; x_wconf 90' lang='lat' dir='ltr'><em>versu</em></span> <span class='ocrx_word' id='word_1_115' title='bbox 966 1842 1062 1912; x_wconf 90' lang='lat' dir='ltr'>Mil.</span> <span class='ocrx_word' id='word_1_116' title='bbox 1094 1843 1206 1935; x_wconf 87' lang='lat' dir='ltr'><em>glor.</em></span> <span class='ocrx_word' id='word_1_117' title='bbox 1245 1844 1340 1929; x_wconf 83' lang='lat'>554:</span> <span class='ocrx_word' id='word_1_118' title='bbox 1374 1842 1411 1909; x_wconf 86' lang='lat' dir='ltr'><em>S.</em></span> 
     </span>
     <span class='ocr_line' id='line_1_16' title="bbox 288 1953 1414 2049; baseline -0.002 -26"><span class='ocrx_word' id='word_1_119' title='bbox 288 1953 434 2025; x_wconf 84' lang='lat' dir='ltr'><em>Fateor.</em></span> <span class='ocrx_word' id='word_1_120' title='bbox 461 1956 506 2023; x_wconf 90' lang='lat' dir='ltr'><em>P.</em></span> <span class='ocrx_word' id='word_1_121' title='bbox 535 1955 672 2048; x_wconf 83' lang='lat' dir='ltr'><em>Quidni</em></span> <span class='ocrx_word' id='word_1_122' title='bbox 684 1956 847 2047; x_wconf 87' lang='lat' dir='ltr'><em>fateare,</em></span> <span class='ocrx_word' id='word_1_123' title='bbox 873 1979 938 2049; x_wconf 80' lang='lat' dir='ltr'><em>ego</em></span> <span class='ocrx_word' id='word_1_124' title='bbox 964 1956 1057 2049; x_wconf 84' lang='lat' dir='ltr'><em>quod</em></span> <span class='ocrx_word' id='word_1_125' title='bbox 1079 1955 1246 2049; x_wconf 67' lang='lat' dir='ltr'><em>maerim.</em></span> <span class='ocrx_word' id='word_1_126' title='bbox 1266 1955 1414 2044; x_wconf 86' lang='lat' dir='ltr'><em>Scripsit</em></span> 
     </span>
     <span class='ocr_line' id='line_1_17' title="bbox 289 2070 1413 2162; baseline -0.001 -24"><span class='ocrx_word' id='word_1_127' title='bbox 289 2070 504 2139; x_wconf 89' lang='lat' dir='ltr'><em>Ritschelius</em></span> <span class='ocrx_word' id='word_1_128' title='bbox 529 2072 619 2140; x_wconf 91' lang='lat' dir='ltr'><em>duce</em></span> <span class='ocrx_word' id='word_1_129' title='bbox 637 2074 846 2141; x_wconf 85' lang='lat' dir='ltr'><em>Hermanno</em></span> <span class='ocrx_word' id='word_1_130' title='bbox 863 2071 1056 2157; x_wconf 77' lang='lat' dir='ltr'><em>‚Fatebor‘.</em></span> <span class='ocrx_word' id='word_1_131' title='bbox 1077 2071 1179 2160; x_wconf 90' lang='lat' dir='ltr'><em>Quas</em></span> <span class='ocrx_word' id='word_1_132' title='bbox 1198 2093 1306 2162; x_wconf 90' lang='lat' dir='ltr'><em>supra</em></span> <span class='ocrx_word' id='word_1_133' title='bbox 1323 2086 1413 2138; x_wconf 86' lang='lat' dir='ltr'><em>attu-</em></span> 
     </span>
     <span class='ocr_line' id='line_1_18' title="bbox 291 2183 1413 2273; baseline -0.002 -21"><span class='ocrx_word' id='word_1_134' title='bbox 291 2183 398 2252; x_wconf 90' lang='lat' dir='ltr'>limus</span> <span class='ocrx_word' id='word_1_135' title='bbox 421 2183 542 2271; x_wconf 85' lang='lat' dir='ltr'><em>futuri</em></span> <span class='ocrx_word' id='word_1_136' title='bbox 556 2205 691 2270; x_wconf 87' lang='lat' dir='ltr'><em>causas,</em></span> <span class='ocrx_word' id='word_1_137' title='bbox 718 2205 842 2253; x_wconf 89' lang='lat' dir='ltr'><em>earum</em></span> <span class='ocrx_word' id='word_1_138' title='bbox 866 2185 965 2254; x_wconf 89' lang='lat' dir='ltr'><em>nulla</em></span> <span class='ocrx_word' id='word_1_139' title='bbox 980 2185 1046 2253; x_wconf 91' lang='lat' dir='ltr'><em>hoc</em></span> <span class='ocrx_word' id='word_1_140' title='bbox 1071 2186 1149 2253; x_wconf 89' lang='lat' dir='ltr'><em>loeo</em></span> <span class='ocrx_word' id='word_1_141' title='bbox 1166 2186 1275 2269; x_wconf 78' lang='lat' dir='ltr'><em>valet3</em></span> <span class='ocrx_word' id='word_1_142' title='bbox 1301 2205 1413 2273; x_wconf 90' lang='lat' dir='ltr'><em>neque</em></span> 
     </span>
     <span class='ocr_line' id='line_1_19' title="bbox 290 2297 1412 2390; baseline -0.003 -23"><span class='ocrx_word' id='word_1_143' title='bbox 290 2321 440 2390; x_wconf 89' lang='lat' dir='ltr'><em>persona</em></span> <span class='ocrx_word' id='word_1_144' title='bbox 464 2316 600 2367; x_wconf 89' lang='lat' dir='ltr'><em>mutata</em></span> <span class='ocrx_word' id='word_1_145' title='bbox 618 2298 748 2367; x_wconf 87' lang='lat' dir='ltr'><em>offendi</em></span> <span class='ocrx_word' id='word_1_146' title='bbox 774 2317 901 2389; x_wconf 80' lang='lat' dir='ltr'><em>potest,</em></span> <span class='ocrx_word' id='word_1_147' title='bbox 926 2300 1022 2390; x_wconf 89' lang='lat' dir='ltr'><em>quod</em></span> <span class='ocrx_word' id='word_1_148' title='bbox 1049 2318 1195 2368; x_wconf 89' lang='lat' dir='ltr'><em>caesura</em></span> <span class='ocrx_word' id='word_1_149' title='bbox 1219 2297 1412 2366; x_wconf 84' lang='lat' dir='ltr'><em>intercedit.</em></span> 
     </span>
     <span class='ocr_line' id='line_1_20' title="bbox 292 2411 1414 2511; baseline -0.003 -31"><span class='ocrx_word' id='word_1_150' title='bbox 292 2412 396 2501; x_wconf 89' lang='lat' dir='ltr'><em>Quae</em></span> <span class='ocrx_word' id='word_1_151' title='bbox 429 2435 510 2480; x_wconf 92' lang='lat' dir='ltr'><em>cum</em></span> <span class='ocrx_word' id='word_1_152' title='bbox 541 2413 590 2480; x_wconf 89' lang='lat' dir='ltr'><em>ita</em></span> <span class='ocrx_word' id='word_1_153' title='bbox 625 2413 708 2498; x_wconf 67' lang='lat' dir='ltr'><em>sint,</em></span> <span class='ocrx_word' id='word_1_154' title='bbox 746 2413 1045 2504; x_wconf 89' lang='lat' dir='ltr'><em>acquiescendum</em></span> <span class='ocrx_word' id='word_1_155' title='bbox 1071 2411 1166 2479; x_wconf 34' lang='lat' dir='ltr'>&gt;mihi</span> <span class='ocrx_word' id='word_1_156' title='bbox 1205 2411 1346 2511; x_wconf 84' lang='lat' dir='ltr'><em>videtur</em></span> <span class='ocrx_word' id='word_1_157' title='bbox 1378 2411 1414 2478; x_wconf 91' lang='lat' dir='ltr'><em>in</em></span> 
     </span>
     <span class='ocr_line' id='line_1_21' title="bbox 289 2526 803 2596; baseline 0.004 -2"><span class='ocrx_word' id='word_1_158' title='bbox 289 2527 419 2595; x_wconf 86' lang='lat' dir='ltr'><em>tradita</em></span> <span class='ocrx_word' id='word_1_159' title='bbox 443 2526 618 2595; x_wconf 91' lang='lat' dir='ltr'><em>librorum</em></span> <span class='ocrx_word' id='word_1_160' title='bbox 643 2527 803 2596; x_wconf 90' lang='lat' dir='ltr'><em>lectione.</em></span> 
     </span>
    </p>

    <p class='ocr_par' dir='ltr' id='par_1_5' title="bbox 290 2639 1422 3984">
     <span class='ocr_line' id='line_1_22' title="bbox 382 2639 1414 2727; baseline -0.002 -19"><span class='ocrx_word' id='word_1_161' title='bbox 382 2641 458 2708; x_wconf 89' lang='lat' dir='ltr'><em>lam</em></span> <span class='ocrx_word' id='word_1_162' title='bbox 472 2657 692 2708; x_wconf 89' lang='lat' dir='ltr'><em>transeamus</em></span> <span class='ocrx_word' id='word_1_163' title='bbox 707 2640 751 2708; x_wconf 90' lang='lat' dir='ltr'><em>ad</em></span> <span class='ocrx_word' id='word_1_164' title='bbox 775 2639 884 2710; x_wconf 88' lang='lat' dir='ltr'><em>futuri</em></span> <span class='ocrx_word' id='word_1_165' title='bbox 909 2662 1015 2724; x_wconf 89' lang='lat' dir='ltr'><em>usum</em></span> <span class='ocrx_word' id='word_1_166' title='bbox 1037 2639 1314 2727; x_wconf 86' lang='lat' dir='ltr'><em>memorabilem</em></span> <span class='ocrx_word' id='word_1_167' title='bbox 1333 2660 1414 2707; x_wconf 91' lang='lat' dir='ltr'><em>eum</em></span> 
     </span>
     <span class='ocr_line' id='line_1_23' title="bbox 291 2751 1422 2844; baseline 0.001 -25"><span class='ocrx_word' id='word_1_168' title='bbox 291 2769 331 2820; x_wconf 91' lang='lat' dir='ltr'><em>ut</em></span> <span class='ocrx_word' id='word_1_169' title='bbox 346 2773 411 2842; x_wconf 89' lang='lat' dir='ltr'><em>pro</em></span> <span class='ocrx_word' id='word_1_170' title='bbox 427 2751 602 2841; x_wconf 86' lang='lat' dir='ltr'><em>praesenti</em></span> <span class='ocrx_word' id='word_1_171' title='bbox 623 2772 835 2842; x_wconf 87' lang='lat' dir='ltr'><em>usurpatum</em></span> <span class='ocrx_word' id='word_1_172' title='bbox 850 2753 1022 2823; x_wconf 90' lang='lat' dir='ltr'><em>videatur.</em></span> <span class='ocrx_word' id='word_1_173' title='bbox 1052 2752 1170 2824; x_wconf 88' lang='lat' dir='ltr'>Simili</span> <span class='ocrx_word' id='word_1_174' title='bbox 1191 2752 1289 2821; x_wconf 89' lang='lat' dir='ltr'><em>enim</em></span> <span class='ocrx_word' id='word_1_175' title='bbox 1305 2753 1422 2844; x_wconf 89' lang='lat' dir='ltr'><em>modo</em></span> 
     </span>
     <span class='ocr_line' id='line_1_24' title="bbox 290 2867 1415 2961; baseline -0.003 -25"><span class='ocrx_word' id='word_1_176' title='bbox 290 2885 396 2958; x_wconf 86' lang='lat' dir='ltr'><em>atque</em></span> <span class='ocrx_word' id='word_1_177' title='bbox 429 2867 674 2958; x_wconf 87' lang='lat' dir='ltr'><em>imperfectum</em></span> <span class='ocrx_word' id='word_1_178' title='bbox 711 2867 873 2937; x_wconf 84' lang='lat' dir='ltr'><em>futurum</em></span> <span class='ocrx_word' id='word_1_179' title='bbox 909 2868 1075 2961; x_wconf 90' lang='lat' dir='ltr'><em>usurpari</em></span> <span class='ocrx_word' id='word_1_180' title='bbox 1105 2884 1234 2958; x_wconf 84' lang='lat' dir='ltr'><em>potest,</em></span> <span class='ocrx_word' id='word_1_181' title='bbox 1277 2867 1305 2934; x_wconf 90' lang='lat' dir='ltr'><em>si</em></span> <span class='ocrx_word' id='word_1_182' title='bbox 1346 2889 1415 2957; x_wconf 86' lang='lat' dir='ltr'><em>qua</em></span> 
     </span>
     <span class='ocr_line' id='line_1_25' title="bbox 292 2980 1416 3075; baseline -0.004 -25"><span class='ocrx_word' id='word_1_183' title='bbox 292 3003 364 3067; x_wconf 72' lang='lat' dir='ltr'><em>res,</em></span> <span class='ocrx_word' id='word_1_184' title='bbox 392 3003 484 3070; x_wconf 90' lang='lat' dir='ltr'><em>quae</em></span> <span class='ocrx_word' id='word_1_185' title='bbox 513 3003 575 3070; x_wconf 89' lang='lat' dir='ltr'><em>per</em></span> <span class='ocrx_word' id='word_1_186' title='bbox 614 3004 650 3050; x_wconf 88' lang='lat' dir='ltr'><em>se</em></span> <span class='ocrx_word' id='word_1_187' title='bbox 691 2982 796 3051; x_wconf 90' lang='lat' dir='ltr'><em>latius</em></span> <span class='ocrx_word' id='word_1_188' title='bbox 834 2983 948 3052; x_wconf 92' lang='lat' dir='ltr'><em>valeat</em></span> <span class='ocrx_word' id='word_1_189' title='bbox 989 3000 1093 3072; x_wconf 86' lang='lat' dir='ltr'><em>atque</em></span> <span class='ocrx_word' id='word_1_190' title='bbox 1127 2980 1212 3050; x_wconf 90' lang='lat' dir='ltr'><em>certi</em></span> <span class='ocrx_word' id='word_1_191' title='bbox 1244 2980 1416 3075; x_wconf 87' lang='lat' dir='ltr'><em>temporis</em></span> 
     </span>
     <span class='ocr_line' id='line_1_26' title="bbox 292 3093 1415 3186; baseline -0.001 -25"><span class='ocrx_word' id='word_1_192' title='bbox 292 3095 436 3162; x_wconf 91' lang='lat' dir='ltr'><em>notione</em></span> <span class='ocrx_word' id='word_1_193' title='bbox 468 3096 627 3164; x_wconf 81' lang='lat' dir='ltr'><em>exsoluta</em></span> <span class='ocrx_word' id='word_1_194' title='bbox 655 3096 712 3183; x_wconf 73' lang='lat' dir='ltr'><em>sit,</em></span> <span class='ocrx_word' id='word_1_195' title='bbox 745 3096 794 3165; x_wconf 89' lang='lat' dir='ltr'><em>ita</em></span> <span class='ocrx_word' id='word_1_196' title='bbox 825 3114 865 3164; x_wconf 89' lang='lat' dir='ltr'><em>ut</em></span> <span class='ocrx_word' id='word_1_197' title='bbox 892 3096 1132 3186; x_wconf 11' lang='lat' dir='ltr'><em>praesenslsit</em></span> <span class='ocrx_word' id='word_1_198' title='bbox 1154 3113 1304 3184; x_wconf 89' lang='lat' dir='ltr'><em>tempus</em></span> <span class='ocrx_word' id='word_1_199' title='bbox 1333 3093 1415 3183; x_wconf 84' lang='lat' dir='ltr'>legi·</span> 
     </span>
     <span class='ocr_line' id='line_1_27' title="bbox 292 3205 1416 3296; baseline -0.003 -22"><span class='ocrx_word' id='word_1_200' title='bbox 292 3207 435 3291; x_wconf 69' lang='lat' dir='ltr'><em>timum,</em></span> <span class='ocrx_word' id='word_1_201' title='bbox 466 3207 509 3274; x_wconf 89' lang='lat' dir='ltr'><em>ad</em></span> <span class='ocrx_word' id='word_1_202' title='bbox 538 3208 712 3278; x_wconf 88' lang='lat' dir='ltr'><em>actionem</em></span> <span class='ocrx_word' id='word_1_203' title='bbox 746 3209 896 3278; x_wconf 83' lang='lat' dir='ltr'><em>refertur</em></span> <span class='ocrx_word' id='word_1_204' title='bbox 924 3210 977 3278; x_wconf 90' lang='lat' dir='ltr'><em>vel</em></span> <span class='ocrx_word' id='word_1_205' title='bbox 1007 3210 1052 3277; x_wconf 95' lang='lat' dir='ltr'><em>ad</em></span> <span class='ocrx_word' id='word_1_206' title='bbox 1081 3225 1218 3277; x_wconf 90' lang='lat' dir='ltr'><em>certum</em></span> <span class='ocrx_word' id='word_1_207' title='bbox 1246 3205 1416 3296; x_wconf 90' lang='lat' dir='ltr'><em>temporis</em></span> 
     </span>
     <span class='ocr_line' id='line_1_28' title="bbox 291 3321 1416 3415; baseline -0.001 -27"><span class='ocrx_word' id='word_1_208' title='bbox 291 3338 518 3390; x_wconf 88' lang='lat' dir='ltr'><em>momentum</em></span> <span class='ocrx_word' id='word_1_209' title='bbox 547 3321 720 3392; x_wconf 86' lang='lat' dir='ltr'><em>futurum.</em></span> <span class='ocrx_word' id='word_1_210' title='bbox 760 3325 823 3393; x_wconf 89' lang='lat' dir='ltr'><em>Est</em></span> <span class='ocrx_word' id='word_1_211' title='bbox 858 3323 965 3415; x_wconf 83' lang='lat' dir='ltr'><em>igitur</em></span> <span class='ocrx_word' id='word_1_212' title='bbox 1000 3323 1175 3413; x_wconf 90' lang='lat' dir='ltr'><em>quaedam</em></span> <span class='ocrx_word' id='word_1_213' title='bbox 1212 3339 1416 3410; x_wconf 85' lang='lat' dir='ltr'><em>temporum</em></span> 
     </span>
     <span class='ocr_line' id='line_1_29' title="bbox 291 3434 1416 3530; baseline -0.003 -27"><span class='ocrx_word' id='word_1_214' title='bbox 291 3435 513 3520; x_wconf 74' lang='lat' dir='ltr'><em>assimilatio,</em></span> <span class='ocrx_word' id='word_1_215' title='bbox 544 3461 635 3527; x_wconf 89' lang='lat' dir='ltr'><em>quae</em></span> <span class='ocrx_word' id='word_1_216' title='bbox 665 3439 893 3530; x_wconf 89' lang='lat' dir='ltr'><em>potissimum</em></span> <span class='ocrx_word' id='word_1_217' title='bbox 923 3439 960 3507; x_wconf 96' lang='lat' dir='ltr'><em>in</em></span> <span class='ocrx_word' id='word_1_218' title='bbox 987 3438 1187 3508; x_wconf 83' lang='lat' dir='ltr'><em>excitatiore</em></span> <span class='ocrx_word' id='word_1_219' title='bbox 1219 3458 1345 3527; x_wconf 83' lang='lat' dir='ltr'><em>genere</em></span> <span class='ocrx_word' id='word_1_220' title='bbox 1364 3434 1416 3500; x_wconf 93' lang='lat' dir='ltr'><em>di·</em></span> 
     </span>
     <span class='ocr_line' id='line_1_30' title="bbox 293 3550 1418 3643; baseline -0.003 -26"><span class='ocrx_word' id='word_1_221' title='bbox 293 3550 395 3618; x_wconf 90' lang='lat' dir='ltr'><em>cendi</em></span> <span class='ocrx_word' id='word_1_222' title='bbox 425 3551 545 3619; x_wconf 91' lang='lat' dir='ltr'><em>locum</em></span> <span class='ocrx_word' id='word_1_223' title='bbox 574 3553 707 3622; x_wconf 88' lang='lat' dir='ltr'><em>habet.l</em></span> <span class='ocrx_word' id='word_1_224' title='bbox 739 3554 796 3623; x_wconf 82' lang='lat' dir='ltr'><em>Ad</em></span> <span class='ocrx_word' id='word_1_225' title='bbox 829 3575 939 3643; x_wconf 89' lang='lat' dir='ltr'><em>quam</em></span> <span class='ocrx_word' id='word_1_226' title='bbox 980 3552 1154 3620; x_wconf 86' lang='lat' dir='ltr'><em>tationem</em></span> <span class='ocrx_word' id='word_1_227' title='bbox 1198 3551 1282 3618; x_wconf 85' lang='lat' dir='ltr'><em>haec</em></span> <span class='ocrx_word' id='word_1_228' title='bbox 1315 3569 1418 3616; x_wconf 89' lang='lat' dir='ltr'><em>revo-</em></span> 
     </span>
     <span class='ocr_line' id='line_1_31' title="bbox 293 3659 1417 3757; baseline -0.004 -25"><span class='ocrx_word' id='word_1_229' title='bbox 293 3686 415 3732; x_wconf 89' lang='lat' dir='ltr'><em>camus</em></span> <span class='ocrx_word' id='word_1_230' title='bbox 456 3666 636 3756; x_wconf 84' lang='lat' dir='ltr'><em>exempla:</em></span> <span class='ocrx_word' id='word_1_231' title='bbox 675 3667 806 3737; x_wconf 90' lang='lat' dir='ltr'><em>Curc.</em></span> <span class='ocrx_word' id='word_1_232' title='bbox 842 3666 937 3757; x_wconf 76' lang='lat'>493:</span> <span class='ocrx_word' id='word_1_233' title='bbox 977 3668 1092 3756; x_wconf 83' lang='lat' dir='ltr'><em>Atque</em></span> <span class='ocrx_word' id='word_1_234' title='bbox 1121 3685 1187 3754; x_wconf 78' lang='lat' dir='ltr'><em>ego</em></span> <span class='ocrx_word' id='word_1_235' title='bbox 1220 3659 1417 3730; x_wconf 86' lang='lat' dir='ltr'><em>commemi-</em></span> 
     </span>
     <span class='ocr_line' id='line_1_32' title="bbox 295 3757 1418 3847; baseline -0.004 -2"><span class='ocrx_word' id='word_1_236' title='bbox 295 3778 388 3845; x_wconf 81' lang='lat' dir='ltr'><em>nisse</em></span> <span class='ocrx_word' id='word_1_237' title='bbox 415 3777 498 3847; x_wconf 81' lang='lat' dir='ltr'><em>ltaec</em></span> <span class='ocrx_word' id='word_1_238' title='bbox 523 3777 639 3846; x_wconf 79' lang='lat' dir='ltr'><em>volam</em></span> <span class='ocrx_word' id='word_1_239' title='bbox 675 3789 718 3847; x_wconf 89' lang='lat' dir='ltr'><em>te.</em></span> <span class='ocrx_word' id='word_1_240' title='bbox 753 3779 905 3846; x_wconf 89' lang='lat' dir='ltr'><em>Videtur</em></span> <span class='ocrx_word' id='word_1_241' title='bbox 944 3757 1127 3845; x_wconf 90' lang='lat' dir='ltr'><em>hocloco</em></span> <span class='ocrx_word' id='word_1_242' title='bbox 1158 3799 1198 3845; x_wconf 90' lang='lat' dir='ltr'><em>ea</em></span> <span class='ocrx_word' id='word_1_243' title='bbox 1236 3776 1281 3843; x_wconf 91' lang='lat' dir='ltr'><em>de</em></span> <span class='ocrx_word' id='word_1_244' title='bbox 1313 3795 1418 3842; x_wconf 89' lang='lat' dir='ltr'><em>causa</em></span> 
     </span>
     <span class='ocr_line' id='line_1_33' title="bbox 295 3891 1419 3984; baseline -0.004 -25"><span class='ocrx_word' id='word_1_245' title='bbox 295 3892 456 3962; x_wconf 85' lang='lat' dir='ltr'><em>futurum</em></span> <span class='ocrx_word' id='word_1_246' title='bbox 487 3893 643 3982; x_wconf 88' lang='lat' dir='ltr'><em>positum</em></span> <span class='ocrx_word' id='word_1_247' title='bbox 672 3917 760 3979; x_wconf 75' lang='lat' dir='ltr'><em>esse,</em></span> <span class='ocrx_word' id='word_1_248' title='bbox 781 3912 820 3962; x_wconf 89' lang='lat' dir='ltr'><em>ut</em></span> <span class='ocrx_word' id='word_1_249' title='bbox 846 3894 1005 3980; x_wconf 68' lang='lat' dir='ltr'><em>,volam‘‚</em></span> <span class='ocrx_word' id='word_1_250' title='bbox 1032 3913 1237 3984; x_wconf 89' lang='lat' dir='ltr'><em>quanquam</em></span> <span class='ocrx_word' id='word_1_251' title='bbox 1256 3891 1419 3963; x_wconf 88' lang='lat' dir='ltr'><em>voluntas</em></span> 
     </span>
    </p>
   </div>
   <div class='ocr_carea' id='block_1_5' title="bbox 368 4147 582 4220">
    <p class='ocr_par' dir='ltr' id='par_1_6' title="bbox 368 4147 582 4220">
     <span class='ocr_line' id='line_1_34' title="bbox 368 4147 582 4220; baseline 0.009 -17"><span class='ocrx_word' id='word_1_252' title='bbox 368 4148 379 4189; x_wconf 93' lang='lat'>1</span> <span class='ocrx_word' id='word_1_253' title='bbox 399 4147 443 4206; x_wconf 82' lang='lat' dir='ltr'><em>Cf.</em></span> <span class='ocrx_word' id='word_1_254' title='bbox 457 4165 521 4220; x_wconf 82' lang='lat' dir='ltr'><em>pag,</em></span> <span class='ocrx_word' id='word_1_255' title='bbox 539 4149 582 4205; x_wconf 79' lang='lat'><em>15.</em></span> 
     </span>
    </p>
   </div>
   <div class='ocr_carea' id='block_1_6' title="bbox 0 0 1571 4584">
    <p class='ocr_par' dir='ltr' id='par_1_7' title="bbox 0 0 1571 4584">
     <span class='ocr_line' id='line_1_35' title="bbox 0 0 1571 4584; baseline 0 0"><span class='ocrx_word' id='word_1_256' title='bbox 0 0 1571 4584; x_wconf 95' lang='lat' dir='ltr'><em> </em></span> 
     </span>
    </p>
   </div>
  </div>
 </body>
</html>
