3109 4584
615 200 861 273 ..35-

172 380 266 447 hunc
298 377 417 449 nullus
447 374 704 466 apudpriscos
731 372 919 462 scriptores
950 372 1079 441 latinos
1116 371 1299 458 invenitur

172 492 271 560 locus
309 489 372 558 ubi
409 488 579 578 ‚quando‘
606 485 846 555 coniunctum
887 483 931 553 sit
973 507 1065 574 cum
1094 485 1297 574 plusquam·

172 604 338 694 perfecto.
384 600 516 693 Quare,
539 622 620 673 cum
651 580 920 667 nec-structura
950 598 1151 688 suspicione
1188 597 1298 667 libera

173 719 219 787 sit
242 739 359 808 neque
384 732 445 801 aut
470 737 511 783 eo
535 715 613 783 loco
638 735 709 803 quo
734 731 817 781 sunt
839 711 958 781 traditi
983 729 1043 781 aut
1067 712 1137 780 alio
1162 712 1299 782 ferendi

173 833 256 916 sint,
286 852 409 899 versus
434 851 592 919 444-447
618 827 898 896 additamentum
923 850 997 896 esse
1020 827 1243 896 crediderim.

262 934 398 1030 Deinde
429 942 599 1033 quoniam
621 947 694 1026 '‚ut‘
723 941 933 1032 particulam
957 941 1189 1030 temporalem
1213 963 1297 1009 con·
1380 1009 1383 1013 .

172 1076 239 1127 stat
274 1080 364 1143 cum
393 1057 487 1148 apud
524 1056 611 1124 alios
647 1055 834 1145 scriptores
875 1073 952 1125 tum
989 1055 1083 1144 apud
1113 1055 1296 1139 Plautum,

172 1172 240 1241 nisi
288 1171 466 1262 repetitio
490 1170 622 1253 subest,
668 1168 879 1258 plerumque
910 1168 1057 1238 trahere
1089 1169 1296 1258 perfectum,

173 1285 236 1374 etsi
262 1266 353 1352 actio
372 1281 585 1353 secundaria
609 1298 688 1350 ante
712 1281 888 1349 actionem
912 1280 1120 1371 primariam
1138 1280 1298 1350 absoluta

173 1399 235 1482 sit,
270 1398 294 1468 ii
333 1398 400 1466 loci
434 1377 495 1465 ubi
530 1395 745 1464 exhibeatur
773 1394 1160 1484 plusquamperfectum
1197 1400 1298 1464 suam

174 1513 256 1583 sibi
281 1506 476 1602 explicandi
504 1510 677 1591 rationem
708 1527 868 1598 poscunt.
916 1511 1063 1580 Restant
1094 1527 1213 1579 autem
1244 1533 1298 1594 se·

174 1628 301 1698 clusis
341 1627 385 1696 iis
459 1625 590 1716 quibus
657 1625 857 1693 continetur
908 1625 1069 1714 repetitio
1133 1628 1299 1715 quattuor
1383 1642 1385 1645 ’

174 1743 254 1810 loci.
317 1742 358 1810 In
412 1739 543 1829 quibus
597 1724 705 1828 quam
751 1738 877 1807 habeat
915 1739 1296 1828 plusquamperfectum

174 1876 314 1925 causam
357 1853 416 1922 alii
461 1852 560 1921 aliter
600 1852 735 1941 opinati
777 1869 870 1920 sunt.
918 1856 1036 1942 Atque
1062 1851 1299 1920 wLuebbertus

174 1968 323 2059 quidem
358 1970 403 2055 (p.
442 1967 530 2053 184)
554 1965 642 2034 nihil
681 1965 797 2034 attulit
835 1966 931 2056 quod
973 1966 1103 2034 valeret
1139 1955 1184 2034 ad
1224 1988 1298 2051 rem

175 2081 265 2149 bene
301 2078 569 2169 expediendam.
606 2078 755 2149 Deinde
797 2080 953 2171 Longius
995 2097 1113 2148 censet
1153 2083 1199 2168 (p.
1235 2085 1297 2168 24)

176 2191 561 2284 plusquamperfectum
600 2177 759 2261 effectum
800 2215 876 2264 esse
910 2193 1091 2283 particulis
1131 2178 1296 2277 ,dudum‘

176 2325 210 2376 et
241 2307 422 2397 ‚pridem‘‚
451 2307 511 2375 sed
541 2307 774 2376 nihilominus
806 2306 965 2376 concedit
995 2307 1072 2375 aliis
1101 2306 1186 2375 locis
1226 2308 1298 2375 usi·

175 2422 282 2491 tatius
311 2444 385 2490 esse
416 2422 622 2511 perfectum.
666 2422 852 2490 Postremo
887 2420 1103 2492 Schubertus
1139 2421 1183 2488 ad
1223 2442 1298 2488 rem

177 2532 423 2601 illustrandam
454 2532 502 2621 (p.
539 2541 594 2618 14)
624 2533 801 2622 quaedam
832 2532 998 2622 protulit:
1038 2531 1107 2609 Die
1139 2531 1297 2623 Verglei·

79 2624 88 2635 ι
175 2647 294 2738 chung
319 2646 386 2713 mit
412 2643 477 2714 der
502 2644 688 2716 StelIeM
698 2656 783 2714 ost.
809 2645 893 2731 484
916 2645 1010 2715 lehrt
1038 2644 1297 2737 unqmeifcllzoft

175 2758 260 2826 duas
291 2780 342 2837 *on
373 2757 491 2826 diesen
527 2757 659 2826 Stellen
694 2760 731 2828 in
765 2758 847 2829 dem
872 2759 986 2848 ‘Sotqe
1018 2758 1087 2835 mit
1120 2766 1202 2839 ,ut‘
1233 2757 1299 2826 dos

176 2869 566 2962 plusquamperfectum
591 2882 727 2963 gesetqt
755 2872 816 2955 ist,
845 2871 925 2942 weil
955 2893 990 2939 es
1019 2871 1128 2939 einem
1159 2872 1299 2961 {wellen

176 2985 280 3053 ueben
313 2985 384 3054 ihm
413 2985 597 3059 slehenden
627 2988 663 3054 Z
664 2987 809 3076 ez'tsatqe
835 2985 1065 3057 subordinirt
1095 2986 1183 3054 ist...
1222 2987 1300 3056 Dos

176 3096 566 3191 Plusquamperfectum
597 3100 789 3191 beqez'chnet
811 3100 892 3172 hier
920 3099 998 3168 also
1022 3101 1096 3169 eine
1118 3100 1216 3182 Zeti,
1242 3100 1300 3169 die

177 3211 243 3280 der
279 3234 345 3280 von
385 3211 462 3282 dem
503 3213 645 3304 {wellen
697 3214 984 3306 Temporolsatqe
1023 3214 1059 3283 in
1102 3214 1168 3283 der
1213 3215 1300 3284 Ver·

173 3326 390 3417 gungenhelt
435 3326 654 3396 bestimmten
698 3329 732 3397 Z
733 3328 866 3419 ez'tlage
905 3329 1132 3421 vorousgeltt.
1187 3327 1298 3418 Quod

177 3458 217 3508 ut
259 3428 342 3512 sane
389 3441 531 3510 concedi
577 3459 692 3532 potest
737 3443 852 3512 Men.
894 3443 938 3512 63
980 3460 1013 3511 et
1045 3426 1179 3511 Most.
1216 3445 1299 3531 484,

176 3552 225 3619 ita
256 3553 376 3627 minus
408 3556 558 3644 quadrat
590 3556 634 3625 ad
664 3578 753 3625 vers.
782 3556 915 3627 Curc.
951 3558 1034 3645 646,
1074 3555 1195 3645 plane¹
1215 3580 1300 3626 vero

156 3668 262 3739 vhaec
292 3667 489 3756 explicandi
518 3668 608 3737 ratio
638 3685 690 3738 est
721 3670 935 3739 removenda
962 3693 982 3738 a
1014 3692 1117 3739 versu
1146 3673 1298 3740 Bacch.

177 3784 259 3871 957.
306 3782 400 3852 Cum
440 3781 548 3872 igitur
577 3783 620 3850 de
653 3805 744 3852 vers.
780 3784 896 3851 Men.
929 3784 972 3852 63
1003 3800 1037 3851 et
1069 3784 1199 3852 Most.
1232 3785 1303 3872 484

177 3895 327 3971 eandem
359 3918 488 3986 sequar
520 3897 730 3966 sententiam
761 3913 867 3987 atque
892 3895 1122 3983 Schubertus‚
1149 3898 1183 3965 in
1208 3921 1299 3968 vers.

179 4007 304 4077 Curc.
333 4009 405 4096 646
435 4032 474 4077 ea
503 4009 698 4080 accuratius
729 4010 994 4093 enuntiatorum
1022 4010 1224 4079 coniunctio
1250 3989 1302 4109 est

180 4104 378 4208 statuenda,
418 4123 461 4199 de
501 4145 572 4214 qua
606 4124 677 4215 agit
701 4124 1001 4215 Naegelsbachius
1026 4127 1114 4213 (Lat.
1148 4122 1303 4211 qStilistik
