3109 4584
640 134 780 257 -n
830 230 875 243 ..

194 374 372 451 putentur.
396 359 466 431 Sed
481 348 601 448 paullo
625 357 806 426 aliterhic
829 377 883 426 res
906 380 1014 448 quarn
1037 358 1107 429 illic
1130 383 1167 428 se
1186 360 1314 448 habet3

195 497 277 542 narn
308 473 378 542 illic
392 480 393 483 ’
408 473 444 541 in
466 471 625 564 apodosi-
641 471 830 540 exhibetur
849 470 1032 560 futurum3
1060 474 1117 543 hic
1142 493 1263 545 autem
1279 477 1315 546 in

195 588 344 678 utroque
373 576 557 655 enuntiato
590 602 752 677 tempora
791 585 834 653 ad
874 586 1115 676 praesentiam
1140 588 1316 680 loquentis

194 683 414 791 pertinentia.
440 702 565 789 Neque
581 698 687 791 igitur
703 720 944 791 cum-prorsus
959 723 1126 792 praesens
1154 726 1208 774 res
1228 729 1316 794 qua·

194 816 276 883 dam
306 836 387 898 curn
421 814 455 881 vi
498 813 635 882 dicendi
680 813 867 905 cogitetur,
912 815 1044 885 mirum
1090 835 1142 885 est
1181 841 1243 887 cur
1280 820 1315 889 in

195 928 325 1020 protasi
354 929 508 1018 positum
533 928 577 996 sit
605 951 781 1018 praesens,
808 927 901 999 Sunt
929 947 1048 998 autem
1077 931 1199 1001 omnia
1215 956 1315 1024 vquae

196 1040 294 1113 attuli
317 1043 502 1118 ,enuntiata
529 1036 800 1113 condicionalia.
873 1095 875 1099 -
1028 1055 1030 1059 ’
1212 1114 1218 1120 f

242 1159 375 1231 *Sunt
411 1159 516 1228 etiam
549 1159 731 1248 'quaedam
770 1180 861 1249 quae
900 1156 945 1227 de·
984 1158 1094 1228 futuri
1130 1159 1239 1229 exacti
1278 1161 1313 1229 in

196 1260 384 1339 enuntiatis
400 1272 615 1340 secundariis
632 1295 698 1339 usu
717 1270 806 1340 adici
824 1272 974 1362 possint.
1002 1274 1098 1344 Nam
1124 1297 1227 1365 saepe
1251 1276 1314 1344 etsi

154 1383 158 1390 ’
196 1387 285 1456 actio
321 1386 526 1456 secundaria
565 1385 684 1454 futuro
723 1402 882 1477 tempore
921 1387 1020 1478 prius
1058 1388 1222 1458 absoluta
1261 1408 1317 1458 est

196 1524 303 1591 quarn
343 1501 432 1569 actio
476 1500 646 1590 primaria
686 1499 831 1585 incidat,
871 1517 988 1570 tamen
1032 1500 1152 1570 futuro
1194 1522 1315 1574 exacto

197 1618 353 1706 neglecto
386 1615 546 1684 futurum
577 1617 591 1684 I
624 1616 691 1700 vel,
724 1616 841 1706 quoad
876 1616 951 1685 eius
981 1616 1055 1686 fieri
1085 1618 1208 1706 possit,
1239 1620 1315 1693 eius

197 1734 274 1802 loco
307 1755 471 1823 praesens
499 1747 701 1824 usurpatur.
731 1733 908 1801 Futurum
939 1733 954 1800 Ι
978 1752 1231 1832 autem-exstat
1261 1736 1315 1806 his

197 1851 304 1919 locis:
350 1849 440 1918 Mil.
472 1850 584 1941 glor.
628 1850 723 1937 246:
771 1848 868 1918 Idem
915 1871 980 1940 ego
1022 1851 1151 1936 dicam,
1198 1854 1232 1922 si
1272 1877 1316 1923 ex

197 1986 248 2032 me
279 1964 442 2054 exquiret
466 1963 577 2062 miles.
611 1962 732 2030 Ibid.
759 1962 854 2049 843:
887 1964 931 2031 Si
946 1963 1054 2055 falsa
1079 1965 1174 2035 dices
1203 1967 1312 2049 serio,

195 2076 452 2145 excrnct'abere.
493 2078 650 2146 Pseud.
692 2077 753 2146 163
774 2097 794 2149 ε,
821 2077 920 2145 Haec
959 2100 1035 2148 cum
1072 2103 1137 2172 ego
1172 2104 1194 2150 a
1221 2083 1315 2174 foro

197 2201 375 2272 revortar,
401 2190 520 2281 facile
547 2191 720 2282 offendam
746 2200 893 2279 parata.
942 2191 1061 2260 Ibid.
1094 2213 1189 2284 949:
1222 2195 1315 2262 Con-

197 2303 377 2372 tumeliam
414 2303 449 2371 si
485 2302 579 2371 dices
613 2301 746 2371 audies.
795 2300 926 2371 Stich
977 2304 1049 2372 63:
1092 2305 1204 2396 Quom
1251 2327 1316 2397 ego

197 2428 376 2501 revortar,
420 2441 480 2487 uos
525 2419 755 2487 monumentis
811 2418 1118 2508 commonefaciam
1162 2420 1313 2490 bubulis.

197 2536 312 2623 Atque
341 2555 422 2601 cum
450 2554 556 2622 supra
588 2554 839 2623 quaereremus
868 2530 1015 2600 omnino
1040 2532 1084 2602 de
1112 2532 1314 2604 futurorum

198 2645 264 2716 usu
293 2647 327 2715 in
360 2647 548 2716 enuntiatis
571 2646 801 2732 secundariis,
836 2646 973 2714 nullum
1011 2640 1199 2718 discrimen
1234 2648 1315 2718 feci-

199 2786 290 2847 mus,
322 2780 439 2831 utrum
468 2784 533 2852 pro
562 2761 681 2831 futuro
712 2762 727 2830 1
757 2784 799 2830 an
831 2762 866 2830 ΙΙ
891 2784 1054 2851 praesens
1085 2762 1316 2831 substitutum

198 2895 297 2946 esset.
327 2873 395 2946 Sed
427 2892 584 2967 spectant
615 2873 774 2963 exempla
797 2872 868 2941 illic
892 2873 995 2942 allata
1011 2874 1140 2964 partim
1164 2876 1208 2943 ad
1225 2874 1317 2944 futu·

199 3013 278 3059 rum
309 2991 340 3076 1,
369 2987 497 3079 partim
522 2988 564 3056 ad
589 2988 637 3054 ΙΙ.
667 2991 784 3077 Atque
807 2988 851 3055 ad
877 2987 942 3056 hoc
973 3006 1157 3078 spectant:
1191 2984 1314 3079 Epio.

196 3107 294 3194 468:
333 3104 375 3172 Si
406 3102 596 3193 sexaginta
634 3101 724 3170 miiii
760 3102 1037 3171 dinumerantur
1073 3104 1198 3186 minae,
1238 3114 1318 3172 tuas

192 3219 391 3310 possidebit
436 3215 566 3285 mulier
596 3216 696 3307 faxo
713 3215 851 3307 ferias.
882 3221 954 3287 As.
1001 3219 1091 3310 193:
1142 3217 1185 3286 Si
1229 3219 1318 3288 miin'

198 3332 333 3401 dantur
357 3330 427 3400 dno
458 3329 590 3399 talenta
616 3328 763 3420 argenti
784 3340 970 3398 numerata
993 3332 1030 3400 in
1053 3353 1205 3414 manum,
1232 3331 1319 3400 itanc

200 3447 269 3516 tibi
296 3456 427 3516 noctem
461 3442 607 3514 nonoris
643 3465 747 3511 causa
782 3443 925 3534 gratiis
962 3442 1053 3512 dabo
1082 3443 1186 3513 dono.
1228 3443 1319 3516 Sunt

200 3579 318 3630 autem
343 3578 479 3651 praeter
503 3560 588 3629 haec
613 3558 724 3626 multa
747 3558 815 3626 alia
844 3580 934 3648 quae
960 3580 1166 3628 enumerare
1190 3580 1318 3657 operae

201 3676 352 3767 pretium
395 3698 465 3743 non
502 3674 572 3744 sit:
613 3674 666 3742 vel
704 3697 745 3743 ex
787 3674 830 3742 iis
868 3696 957 3765 quae
1007 3674 1107 3743 attuli
1147 3675 1319 3744 rationem

201 3791 399 3882 perspicies.
440 3792 535 3862 Nam
574 3811 654 3858 curn
688 3789 760 3857 iam
792 3811 899 3879 supra
937 3789 1168 3880 cognovimus
1199 3789 1319 3859 futuro

204 3908 218 3974 Ι
250 3905 361 3996 magis
392 3927 499 3995 quam
526 3888 709 3995 praesenti
731 3903 907 3973 rationem
928 3903 1161 3994 temporalem
1188 3902 1317 3994 urgeri,

202 4038 277 4089 turn
308 4018 459 4088 maxime
490 4019 555 4087 hoc
585 4018 623 4086 fit
654 4018 774 4087 futuro
806 4019 855 4103 II,
886 4017 922 4085 in
956 4040 1029 4107 quo
1068 4017 1201 4087 accedit
1238 4018 1320 4086 haec

202 4136 298 4204 notio
342 4152 381 4202 ut
430 4133 679 4225 aliquafactio
718 4152 798 4203 ante
844 4133 951 4202 aliam
996 4132 1119 4201 futuro
1161 4149 1321 4222 tempore
