3109 4584
602 181 912 255 -ll-.

158 353 219 421 illo
249 352 397 444 consilio
427 353 604 423 recederet
633 352 756 439 suasit,
789 351 983 425 sedetiam
1008 352 1207 420 cavendum
1233 351 1284 420 illi
1360 336 1364 346 ⁵

156 490 231 536 esse
259 468 407 552 censuit,
438 490 482 536 ne
515 468 592 559 ipse
622 468 757 537 malum
786 467 993 557 acciperetz-
1012 489 1053 535 ex
1087 488 1158 555 quo
1186 466 1284 534 intel·

101 576 104 583 ⁴
156 583 283 676 legitur
324 583 456 667 ‚etiam‘
496 606 571 653 esse
603 584 676 653 .hoc
714 583 792 654 loco
824 582 859 651 id
887 582 984 672 quod
1015 604 1081 654 nos
1112 582 1284 650 vertimus

156 699 288 782 ‚auch‘‚
321 702 463 791 ‚sogari
501 698 623 788 Itaque
655 697 781 767 reiecta
810 697 870 766 illa
901 695 1101 765 coniectura
1138 718 1285 785 prorsus

156 814 191 883 in
228 814 402 889 librorum
431 813 604 882 memoria
633 812 807 904 acquiesci
842 834 944 903 posse
968 833 1104 881 censeo.

242 928 427 1000 Accedunt
464 951 505 999 ea
543 929 834 1019 exempla-quae
871 949 952 997 curn
986 927 1157 1018 particula
1191 950 1284 1018 quae

154 1041 301 1132 quidem
324 1041 508 1111 notionem
539 1042 664 1112 habeat
694 1041 881 1111 celeritatis
905 1039 1072 1131 insignita
1098 1063 1170 1109 non
1196 1041 1279 1124 sint,

154 1173 274 1226 tamen
288 1157 337 1226 ob
351 1157 502 1227 eandem
519 1178 661 1226 causam
677 1178 843 1248 praesens
861 1157 980 1225 locum
996 1154 1106 1224 futuri
1121 1155 1281 1225 obtinere

155 1270 239 1339 satis
262 1268 416 1338 dilucide
440 1268 684 1360 comprobent.
703 1274 821 1359 Atque
838 1267 996 1359 primum
1010 1267 1170 1358 quidem,
1188 1270 1284 1358 quod

155 1382 277 1468 sciam,
310 1380 471 1451 futurum
506 1403 692 1477 nunquam
717 1382 915 1451 admissum
949 1381 1060 1450 estin
1096 1380 1284 1472 interroga-

154 1496 311 1566 tionibus
346 1495 620 1581 bimembribm,
661 1495 816 1586 speciem
855 1494 1089 1563 festinationis
1127 1508 1217 1585 prae·
1249 1519 1285 1565 se

156 1609 364 1679 ferentibus.
392 1607 497 1698 Quos
522 1606 655 1692 inveni,
682 1608 749 1677 loci
774 1629 915 1691 omnes,
945 1607 1009 1676 etsi
1043 1607 1158 1697 agitur
1181 1607 1225 1676 de
1249 1630 1286 1677 re

156 1725 290 1811 lutura,
315 1745 483 1817 praesens
507 1724 698 1793 exhibent:
731 1723 834 1792 Aul.
868 1723 962 1791 660:
995 1722 1090 1791 Abin
1117 1745 1162 1791 an
1187 1721 1286 1792 non?

157 1841 256 1913 Cas.
298 1840 394 1909 301:
431 1839 667 1928 Compressan
700 1836 826 1929 palma
864 1860 909 1905 an
942 1848 1114 1928 porrecta
1143 1836 1285 1931 ferio?

156 1953 287 2043 Capt.
314 1954 384 2042 846
402 1978 409 2022 :
435 1952 547 2021 Juben
577 1974 622 2020 an
639 1973 707 2020 non
725 1950 853 2019 iubes?
877 1950 1007 2021 Cure.
1036 1952 1125 2019 566:
1143 1949 1283 2020 Reddin

153 2089 199 2137 an
230 2089 298 2135 non
337 2065 548 2158 virginem?
585 2065 675 2134 Mil.
715 2065 825 2155 glor.
863 2087 960 2157 449:
999 2066 1126 2134 Mittis
1154 2087 1199 2134 an
1230 2088 1283 2134 me

153 2202 221 2249 non
248 2179 405 2249 mittis?
434 2179 549 2248 lbid.
594 2200 707 2266 1424:
749 2179 945 2248 Verberone
974 2180 1083 2248 etiam
1126 2201 1171 2247 an
1205 2203 1280 2250 enm

152 2292 322 2362 amittis?
352 2293 493 2362 Persa
519 2292 609 2361 332:
650 2292 764 2360 Tacen
788 2315 834 2361 an
858 2315 926 2361 non
957 2292 1082 2362 taces?
1111 2294 1274 2362 Pseud.

159 2408 271 2495 1246:
297 2405 411 2475 Pedes
437 2407 546 2476 statis
573 2429 619 2475 on
649 2403 749 2476 non?
780 2407 887 2476 Rud.
926 2407 1038 2498 1399:
1081 2408 1196 2478 Tacen
1235 2431 1280 2477 an

152 2521 252 2591 non?
275 2522 403 2590 Truc.
431 2524 497 2612 755
519 2548 526 2589 :
552 2520 663 2590 Redis
691 2545 737 2590 an
766 2544 834 2590 non
863 2519 993 2590 redis?
1023 2522 1141 2591 lbid.
1180 2522 1280 2592 825:

153 2632 262 2702 Dicin
286 2656 332 2703 an
364 2632 466 2704 non?
495 2635 554 2704 Bis
579 2635 697 2705 inveni
728 2635 1015 2727 coniugationem
1047 2636 1278 2727 periphrasti-

152 2768 247 2816 cam:
275 2745 420 2819 Stich.
444 2748 532 2818 265:
566 2750 691 2817 Iturus
713 2772 758 2816 an
784 2744 883 2817 non?
913 2749 1043 2817 Truc.
1077 2749 1274 2839 prol.'4:

152 2859 313 2931 Daturin
332 2862 420 2931 estis
449 2884 495 2931 an
524 2858 624 2930 non?
654 2863 806 2933 Nullum
839 2878 957 2930 autem
987 2862 1191 2951 exemplum
1222 2862 1279 2929 in·

151 2972 231 3041 veni
259 2973 385 3041 futuri.¹
417 2974 469 3044 Ex
496 2996 568 3064 qua
601 2975 847 3065 exemplorum
881 2975 1017 3043 ratione
1051 2974 1167 3065 colligi
1203 2975 1283 3043 licet

151 3085 238 3176 quid
263 3086 308 3156 sit
332 3086 563 3157 iudicandum
594 3090 638 3158 de
669 3111 773 3158 versu
800 3090 899 3157 Aul.
919 3091 1016 3176 431:
1050 3088 1279 3158 Volo'scire:

150 3199 254 3270 sinan
284 3223 333 3297 an
368 3223 435 3271 non
468 3203 568 3273 sinas
606 3225 837 3294 noscoqnere
874 3203 963 3273 banc
998 3203 1140 3272 cenam!
1185 3201 1281 3273 Con-

151 3298 435 3384 iunctivui'serri
460 3337 531 3384 non
556 3338 659 3407 posse
688 3317 841 3386 ostendit
883 3319 1058 3386 Beckerus
1093 3318 1142 3407 (p.
1182 3320 1280 3407 159);

150 3423 312 3495 futurum
336 3450 406 3497 non
432 3453 535 3520 posse
559 3454 601 3500 ex
629 3431 671 3499 iis
701 3448 848 3522 apparet
879 3455 969 3522 quae
998 3431 1156 3521 exposui.
1186 3430 1281 3502 Scri·

151 3538 309 3609 bendum
335 3542 542 3632 igiturest:
569 3545 675 3613 Sinin
699 3568 745 3614 an
770 3569 838 3616 non
869 3542 984 3615 sinis?
1012 3544 1147 3614 Deinde
1177 3566 1281 3634 saepe

151 3654 547 3748 ininterrogationibus
584 3659 807 3749 simplicibus
847 3682 1013 3750 praesens
1056 3682 1121 3749 pro
1160 3658 1281 3727 futuro

149 3768 335 3839 celeritatis
360 3771 610 3862 significandae
628 3797 733 3843 causa
763 3775 982 3844 admittitur:
1007 3773 1164 3865 Amph.
1189 3773 1279 3841 568:

148 3882 244 3952 Abin
273 3905 318 3952 ex
347 3898 527 3977 conspectu
558 3884 666 3956 meo?
694 3888 812 3958 Ibid.
837 3890 927 3979 857:
951 3888 1046 3957 Abin
1069 3888 1157 3957 bunc
1184 3910 1206 3955 a
1229 3911 1281 3956 me

147 3994 280 4088 dignus
308 3999 451 4068 domino
474 4001 627 4071 servos?
657 4005 727 4071 As.
755 4025 845 4092 712:
883 4002 1058 4094 Quoniam
1088 4003 1203 4084 ambs,
1241 4013 1281 4071 ut

151 4117 205 4176 est
233 4108 397 4195 lubitum,
424 4135 487 4182 nos
516 4112 713 4195 delusistis,
740 4112 882 4183 datisne
909 4110 1133 4205 argentum?
1157 4113 1278 4184 Cure.
