3109 4584
297 1429 548 1502 Lachmannus
573 1445 606 1499 et
633 1428 849 1499 Ritschelius
881 1427 988 1518 primi
1013 1427 1135 1517 quanti
1159 1429 1330 1496 momenti

205 1541 374 1613 vetustior
403 1540 523 1631 lingua
563 1539 671 1613 latina
701 1557 791 1610 esset
830 1541 874 1609 ad
916 1540 1182 1630 grammaticam
1219 1563 1329 1631 quam

205 1670 332 1725 vocant
377 1652 581 1726 historicam
618 1652 902 1724 constituendam
941 1670 1032 1721 recte
1074 1670 1327 1745 cognoverunt.

206 1768 375 1859 Quorum
408 1766 555 1858 vestigia
588 1767 689 1836 multi
721 1784 754 1835 et
784 1767 877 1835 docti
908 1765 974 1835 viri
1011 1784 1211 1858 prementes
1248 1789 1329 1836 cum

204 1881 355 1954 maxime
380 1881 518 1953 animos
542 1879 798 1951 ad‘ilexionem
827 1880 1086 1949 vocabulorum
1115 1879 1329 1972 perspicien-

206 1996 289 2070 dam
304 2014 338 2065 et
353 1994 596 2087 explicandam
613 1995 841 2086 applicarent,
857 1995 978 2065 minus
994 1995 1098 2065 initio
1109 1995 1255 2085 quidem
1267 1997 1331 2064 hac

205 2109 242 2181 in
262 2131 303 2202 re
328 2100 473 2199 operam
497 2108 770 2193 collocaverunt,
795 2124 834 2177 ut
859 2107 982 2197 quales
1006 2108 1102 2198 leges
1121 2108 1330 2199 syntacticae

207 2245 227 2290 a
243 2221 475 2312 scriptoribus
489 2220 690 2294 vetustioris
705 2220 829 2293 aetatis
840 2221 1048 2291 observatae
1063 2237 1180 2293 essent
1193 2221 1330 2290 investi·

207 2351 338 2425 parent.
367 2336 448 2409 Hoc
465 2358 508 2407 ne
529 2335 627 2407 fieret
644 2334 705 2407 illa
718 2336 872 2406 maxime
888 2335 1142 2426 impedimento
1158 2354 1232 2405 erat
1249 2357 1332 2403 sane

207 2447 447 2539 praeiudicata
475 2448 598 2539 opinio
629 2449 745 2520 nullas
769 2449 841 2519 fere
865 2465 975 2518 certas
1004 2449 1097 2540 leges
1125 2448 1219 2538 apud
1253 2447 1332 2517 illos

207 2562 380 2648 inveniri3
411 2579 515 2653 atque
544 2563 698 2636 maxime
729 2563 877 2654 quidem
908 2562 1003 2653 apud
1036 2562 1204 2631 Plautum
1233 2561 1331 2631 verbi

206 2676 404 2751 formarum
441 2700 546 2749 usum
582 2677 664 2749 satis
694 2699 769 2747 esse
807 2676 1037 2768 ambiguum3
1069 2677 1205 2746 nullam
1230 2698 1332 2766 saepe

208 2791 312 2864 aliam
343 2792 456 2883 legem
485 2790 648 2884 cognosci
679 2813 797 2881 posse,
829 2812 937 2879 quam
968 2807 1006 2859 ut
1042 2791 1191 2859 Plautus
1217 2806 1332 2858 metro

207 2924 348 2981 coactus
384 2906 493 2979 modo
531 2908 621 2979 hanc
654 2907 763 2978 modo
790 2906 886 2975 illam
919 2906 1018 2975 verbi
1050 2906 1204 2975 formam
1233 2927 1329 2973 usur-

208 3021 310 3112 parit.
343 3020 413 3094 Sed
445 3043 569 3095 verum
597 3022 626 3093 si
652 3021 767 3092 dicere
794 3022 976 3109 volumus,
1005 3044 1088 3090 sane
1117 3020 1275 3091 licentiae
1298 3038 1331 3090 et

209 3135 385 3207 varietatis
410 3137 452 3207 ad
474 3158 675 3207 sermonem
689 3136 987 3206 conformandum
1008 3137 1135 3205 Plauto
1152 3135 1330 3225 plussup-

209 3250 349 3341 petebat
371 3272 481 3340 quam
506 3250 548 3322 iis
569 3250 801 3341 scriptoribus
824 3251 888 3342 qui
916 3250 1075 3321 oratione
1110 3251 1167 3319 illa
1194 3271 1331 3321 accura-

207 3350 296 3432 tiore
311 3385 404 3454 quae
417 3365 461 3434 ad
476 3365 586 3437 libros
601 3365 828 3434 solummodo
842 3365 994 3456 pertinet
1006 3383 1166 3435 utuntur.
1185 3364 1332 3434 Plautus

208 3477 305 3547 enim
331 3477 489 3549 imitatus
516 3494 568 3546 est
592 3477 628 3546 in
655 3479 849 3548 comoediis
873 3502 1073 3550 sermonem
1097 3478 1331 3566 cotidianum,

209 3590 271 3681 qui
295 3615 314 3661 a
340 3590 477 3682 legibus
499 3615 602 3683 saepe
626 3593 782 3684 angustis
802 3593 838 3662 in
863 3594 925 3663 illo
947 3616 1073 3685 genere
1099 3593 1237 3663 dicendi
1270 3616 1333 3684 per

209 3722 372 3795 tempora
395 3706 544 3795 receptis
569 3706 799 3778 multifariam
823 3725 1007 3799 exemptus
1030 3725 1093 3776 est.
1121 3708 1191 3783 Sed
1210 3730 1332 3777 causas

208 3841 351 3910 semper
392 3819 569 3889 varietatis
606 3822 780 3910 quasdam
818 3821 960 3891 subesse
1001 3821 1228 3912 cogitandum
1252 3839 1330 3905 est,

208 3932 284 4002 sine
314 3933 445 4024 quibus
474 3932 533 4002 illa
562 3956 651 4024 quae
682 3935 819 4004 dicatur
847 3935 987 4005 licentia
1013 3958 1181 4005 essenon
1207 3938 1329 4033 possit.

207 4051 326 4140 Atque
365 4047 459 4123 vide..
485 4047 573 4141 quid
611 4048 691 4120 inde
724 4048 953 4122 emolumenti
984 4049 1118 4141 percipi
1137 4051 1257 4140 ⁴possit
1288 4053 1332 4121 ad

210 4160 407 4230 orationem
447 4161 643 4231 luculenter
682 4164 940 4232 exornandam:
985 4185 1056 4252 quo
1092 4163 1187 4235 enim
1220 4166 1333 4235 maior
