3109 4584
174 378 294 430 autem
320 359 563 431 Luebbertum
581 358 875 446 iudicasse,‹cum
890 358 980 427 dixit
1003 377 1168 450 praesens
1192 358 1291 428 histo·

175 475 289 544 ritum
320 496 402 542 cum
432 473 486 543 bis
518 472 698 565 particulis
726 472 957 542 coniunctum
987 471 1094 541 etiam
1123 490 1188 563 pro
1217 493 1298 564 per-

174 587 266 657 lecto
293 586 432 657 admitti
463 607 586 678 posse,
619 607 661 657 ex
694 588 787 657 locis·
817 586 903 678 ipsis
943 586 1035 655 clare
1062 586 1295 678 perspicitur3

175 721 315 794 semper
342 702 440 771 enim
466 701 691 793 cognoscitur
719 716 830 770 status
860 701 1006 770 durans.
1076 760 1078 764 .

263 818 344 886 lam
361 835 402 885 ut
426 817 469 886 ad
494 817 675 887 enuntiata
691 816 848 887 relativa
870 832 1112 900 transeamus,
1137 814 1302 907 primum*

176 930 279 1000 nobis
303 948 493 1000 occurrunt
516 948 628 1020 pauca
647 930 822 1020 exempla,
847 949 939 1020 quae
955 929 1152 997 luculenter
1165 944 1297 1018 quanta

175 1062 257 1113 cum
305 1058 377 1113 arte
425 1042 573 1112 Plautus
619 1059 823 1135 temporum
869 1056 1057 1131 potestates
1100 1040 1297 1110 distinxerit

176 1179 241 1228 nos
264 1160 402 1228 docent.
438 1157 584 1249 Legitur
613 1157 714 1226 Aul.
749 1177 840 1247 707:
876 1154 1026 1247 Indeque
1056 1156 1298 1245 exspectabam

175 1272 235 1342 ubi
257 1292 386 1341 aurum
402 1269 632 1340 abstrudebct
655 1290 770 1340 senex.
795 1269 910 1341 Rud.
936 1270 1028 1360 956:
1052 1267 1206 1338 Furtum
1230 1290 1297 1360 ego

175 1385 253 1456 ur'di
280 1387 341 1478 qui
361 1385 550 1477 faciedum
584 1404 709 1454 noram
739 1384 919 1453 domiuum
949 1381 989 1451 id
1017 1381 1101 1474 quoi
1117 1383 1293 1474 satiebat.

175 1500 403 1591 Quibuscum
433 1498 518 1567 locis
544 1497 775 1588 comparandi
808 1513 889 1565 sunt
920 1495 982 1565 hi:
1014 1497 1173 1587 Amph.
1205 1497 1293 1585 460:

174 1614 237 1682 Ibo
265 1611 315 1682 ud
338 1622 487 1704 portum
516 1622 619 1703 atque
652 1610 734 1680 ltuee
766 1621 807 1679 ut
825 1611 934 1701 facte
963 1616 1047 1678 sunt
1085 1629 1146 1679 ero
1178 1609 1295 1698 dicam

174 1748 260 1795 meo.
288 1727 400 1797 Rud.
435 1746 545 1795 1211:
580 1721 770 1816 Eloquere,
807 1735 847 1793 ut
876 1724 958 1792 haec
991 1741 1048 1792 ret
1079 1721 1214 1815 obtegit
1254 1722 1296 1792 de

162 1838 263 1930 filia.
306 1843 424 1930 Atque
461 1840 497 1907 in
537 1835 606 1906 illis
638 1837 867 1927 praecedente
907 1836 1097 1926 praeterito
1135 1835 1297 1926 sequitur

175 1952 435 2044 imperfectum,
456 1953 493 2021 in
517 1951 573 2020 his
588 1948 708 2019 autem
728 1949 957 2041 praecedente
979 1949 1151 2041 praesenti
1178 1949 1296 2040 sequi·

174 2083 232 2133 tur
261 2064 476 2156 perfeetum:
508 2085 600 2156 quae
631 2082 834 2155 temporum
866 2062 1078 2133 differentia¹
1102 2081 1144 2131 ex
1176 2081 1295 2133 rerum

174 2176 380 2247 condicione
410 2192 491 2270 apta
523 2194 585 2247 est.
615 2179 711 2248 Nam
743 2176 814 2246 illic
845 2176 958 2266 isqui
986 2192 1103 2244 narrat
1134 2175 1295 2244 animum

174 2310 319 2382 prorsus
334 2293 369 2362 in
385 2294 612 2386 praeteritum
628 2311 769 2384 tempus
790 2293 938 2363 remittit
959 2292 1019 2376 ita,
1042 2311 1081 2361 ut
1102 2310 1178 2362 rem
1193 2293 1294 2382 quasi

175 2424 377 2478 nascentem
410 2424 444 2478 et
471 2409 659 2478 durantem
686 2408 827 2478 videat:
858 2405 1063 2499 imperfecto
1091 2405 1199 2496 igitur
1221 2422 1295 2474 erat

175 2520 272 2588 locus
316 2523 575 2592 concedendus.
621 2522 689 2593 His
729 2539 848 2591 autem
887 2520 972 2591 locis
1010 2538 1066 2589 res
1108 2520 1295 2612 praeterita

175 2634 269 2704 nude
292 2634 450 2705 refertur
478 2637 522 2705 ad
553 2654 693 2728 tempus
719 2654 908 2727 praesens,
934 2633 991 2702 cui
1017 2631 1155 2702 muneri
1183 2633 1295 2702 susci·

174 2747 304 2837 piendo
326 2762 518 2847 aptumjest
539 2749 745 2842 perfectum.
768 2749 883 2842 Magis
907 2766 992 2817 vero
1012 2765 1068 2817 res
1088 2747 1294 2833 illustratur,

174 2861 203 2929 si
231 2881 338 2932 usum
367 2886 386 2932 a
417 2864 572 2934 classicis
604 2864 836 2956 scriptoribus
874 2862 1114 2947 observatum,
1153 2881 1295 2953 compa·

174 2993 308 3044 ramus.
340 2978 435 3047 Nam
464 2978 548 3047 haec
574 2979 766 3061 enuntiata,
792 2996 999 3069 quanquam
1040 2992 1122 3044 sunt
1152 2976 1296 3046 relativa

174 3088 228 3157 vel
266 3091 517 3181 comparativa,
547 3107 666 3161 tamen
696 3092 740 3160 ad
774 3105 940 3159 naturam
979 3089 1296 3181 interrogationum

175 3201 400 3293 obliquarum
425 3220 498 3273 tam
516 3226 627 3295 prope
642 3205 825 3289 accedunt,
853 3220 892 3273 ut
908 3204 1074 3295 deinceps
1095 3222 1242 3295 prorsus
1260 3204 1295 3274 in

174 3336 216 3383 ea
230 3316 302 3385 sint
311 3321 512 3389 conversa.¹
529 3319 630 3388 More
645 3335 764 3388 autem
775 3316 1296 3407 Ciceronianopronttntiaren-

174 3447 232 3499 tur
255 3432 326 3500 sic:
352 3452 417 3525 ego
445 3431 524 3502 vidi
547 3432 611 3526 qui
626 3433 782 3525 fuceret,
813 3449 867 3502 et:
898 3430 1015 3502 dicum
1039 3430 1210 3523 quomodo
1240 3449 1297 3500 res

165 3545 274 3637 facte
289 3546 350 3615 sit.
381 3548 505 3638 ltaque
530 3568 612 3617 cum
629 3548 724 3638 apud
743 3548 910 3617 Plautum
935 3548 1063 3616 modus
1087 3542 1297 3617 indicativus

175 3659 220 3727 sit
237 3659 416 3750 legitimus
432 3678 554 3742 contra
575 3679 679 3752 atque
700 3663 794 3752 apud
816 3662 1003 3753 scriptores
1024 3657 1186 3729 classicae
1205 3677 1296 3730 aeta·

175 3771 232 3858 tis,
256 3788 375 3844 tamen
398 3773 467 3844 iarn
486 3776 579 3867 apud
599 3775 702 3846 illum
718 3776 810 3846 vaiet
833 3798 873 3847 ea
893 3775 1077 3868 diligentia
1100 3794 1171 3866 qua
1200 3775 1296 3868 apud

218 4126 220 4131 ,
248 4055 260 4095 1
272 4052 340 4123 Qua
354 4053 391 4110 de
405 4071 435 4110 re
449 4052 585 4110 conferas
600 4051 635 4110 E.
652 4052 829 4123 Beckerum,
843 4053 879 4108 de
896 4050 1014 4125 syntaxi
1027 4049 1298 4124 interrogationum

178 4135 371 4210 obliquatam
385 4152 450 4212 pag.
464 4136 532 4206 310,
549 4134 614 4194 311.
