3109 4584
703 220 949 293 ..10-

261 389 313 456 καὶ
335 393 457 484 παρῄνει
480 381 604 479 τοιάδε).
637 390 721 481 Qua
751 391 795 460 de
825 412 930 459 causa
955 392 1116 462 nonnulli
1141 391 1282 461 adducti
1307 408 1390 459 sunt

262 520 301 572 ut
333 504 579 596 imperfectum
612 504 778 595 primitus
813 522 954 595 tempus
995 505 1207 575 narrationis
1239 503 1388 573 omnino

261 617 369 687 fuisse
407 621 636 688 statuerent.¹
680 618 751 691 Sed
792 641 938 709 quoquo
971 620 1081 689 modo
1115 640 1171 688 res
1207 640 1243 687 se
1268 617 1387 700 habet,

262 732 350 801 illud
386 733 609 825 cognoscitur
641 732 811 803 Plautum
845 755 950 802 usum
984 734 1086 803 illum
1124 756 1188 824 per
1212 755 1249 802 se
1283 730 1390 801 latius

261 863 439 938 patentem
464 847 581 917 minus
597 848 782 917 adamasse
799 870 908 937 quam
924 847 1014 917 alios
1030 846 1231 937 scriptores.
1260 847 1389 935 Neque

261 961 327 1030 erit
351 960 481 1030 falsum
505 963 570 1032 hac
595 962 794 1032 erratione
818 962 1070 1054 proprietatem
1086 961 1263 1031 sermonis
1281 961 1389 1029 Plau-

262 1072 327 1140 tini
352 1089 526 1158 statuere3
553 1095 635 1143 nam
662 1073 878 1164 imperfectis
902 1074 969 1144 hoc
991 1074 1136 1165 quidem
1153 1073 1261 1141 modo
1286 1094 1389 1141 usur·

261 1185 351 1275 patis
390 1185 552 1273 efficitur,
603 1205 642 1255 ut
688 1187 788 1277 quasi
837 1187 975 1257 tardius
1023 1204 1127 1278 atque
1166 1186 1389 1255 cunctantius

262 1301 416 1369 narratio
440 1303 629 1392 procedere
654 1302 814 1372 videatur
847 1302 904 1391 (cf.
930 1302 1028 1371 Ter.
1057 1302 1199 1371 Andr.
1227 1301 1388 1392 89-923

263 1418 373 1487 Eun.
406 1419 617 1504 tir-1133
658 1420 845 1490 Phorm.
890 1421 988 1511 595):
1031 1419 1066 1488 id
1104 1418 1202 1509 quod
1241 1418 1391 1487 minime

261 1530 426 1600 convenit
450 1532 486 1600 in
513 1532 719 1601 Plautinum
743 1532 882 1602 dicendi
907 1554 1030 1623 genus.
1060 1530 1272 1623 Properatio
1293 1531 1389 1600 enim

261 1646 435 1735 quaedam
468 1646 559 1715 inest
593 1646 628 1715 in
663 1647 813 1738 dialogis
849 1646 1025 1716 Plautinis
1064 1668 1155 1737 quae
1193 1644 1310 1736 qualis
1345 1644 1390 1711 sit

262 1758 352 1828 infra
376 1759 479 1828 nobis
503 1761 699 1830 accuratius
730 1760 996 1851 identidemque
1018 1760 1137 1830 licebit
1160 1779 1386 1851 cognoscere.

263 1872 504 1965 Comparandi
535 1898 641 1944 causa
674 1874 782 1945 affero
814 1875 1008 1966 praesentis
1041 1896 1147 1943 usum
1178 1873 1240 1963 qui
1274 1894 1390 1963 quan-

262 2008 370 2076 quam
408 1987 452 2056 ad
492 1989 640 2057 eandem
674 1987 848 2057 rationem
884 2005 1030 2078 spectat,
1068 2005 1185 2057 tamen
1223 2009 1305 2055 cum
1346 1986 1391 2053 sit

262 2100 471 2169 excitatioris
503 2101 642 2193 generis
676 2101 816 2171 dicendi
848 2102 942 2192 apud
976 2101 1144 2170 Plautum
1173 2117 1227 2169 est
1250 2101 1389 2170 creber-

263 2215 386 2283 rimus.
415 2214 630 2307 Saepissime
654 2216 752 2285 enim
776 2217 811 2285 in
837 2215 1011 2301 diverbia,
1037 2215 1066 2284 si
1091 2216 1170 2306 quis
1195 2215 1281 2305 quid
1303 2213 1391 2282 dixit

262 2328 316 2396 vel
347 2326 441 2414 fecit,
476 2327 551 2418 ipse
575 2329 629 2398 vel
656 2329 745 2398 alius
769 2330 813 2398 de
842 2330 905 2398 hac
930 2330 1007 2419 ipsa
1030 2350 1080 2412 re,
1106 2349 1311 2418 quanquam
1336 2344 1389 2397 est

262 2439 463 2530 praeterita,
500 2463 666 2530 praesens
706 2460 864 2533 usurpat.
915 2444 968 2511 Ex
1002 2462 1197 2532 permagno
1238 2462 1391 2509 numero

262 2555 508 2645 exemplorum
541 2555 690 2624 sufficiet
722 2579 836 2648 pauca
866 2555 1002 2625 afferre.
1042 2555 1172 2624 Trin.
1215 2555 1282 2625 80:
1323 2555 1386 2623 M:

264 2667 342 2756 Qua
368 2667 549 2758 propter?
578 2669 625 2737 C:
645 2669 799 2761 Rogas?
824 2670 942 2739 lbid.
975 2693 1057 2761 192:
1085 2670 1138 2739 C:
1162 2670 1228 2738 Fit
1251 2668 1386 2739 sedulo

261 2778 325 2845 M:
342 2779 414 2848 Sed
427 2779 514 2870 quid
526 2777 613 2850 ais?
633 2781 753 2851 lbid.
770 2782 859 2874 989:
886 2783 937 2850 S:
962 2782 1072 2851 Enim
1097 2803 1181 2850 vero
1202 2804 1284 2849 sero
1305 2803 1391 2872 quo-

262 2893 358 2961 niam
382 2894 447 2963 ltuc
466 2895 622 2977 advenis,
644 2895 837 2986 Vapulabis
852 2918 926 2965 meo
941 2894 1154 2965 arbitratui
1169 2907 1203 2965 et
1219 2916 1390 2964 novorum

261 3008 443 3078 aedilium.
478 3010 554 3078 Ch:
584 3012 635 3079 At
658 3017 766 3079 etiam
791 3008 1007 3079 maledicis?
1032 3009 1151 3078 lbid.
1186 3010 1295 3078 1062:
1324 3008 1391 3075 St:

260 3122 318 3190 Da
349 3144 514 3214 magnum
553 3124 695 3194 malum.
732 3125 809 3194 Ch:
846 3125 939 3194 Bene
971 3146 1097 3192 moneo.
1130 3123 1265 3215 Amph.
1300 3122 1388 3191 536:

260 3235 303 3301 J:
330 3235 415 3304 Tibi
431 3236 597 3305 condona.
615 3241 669 3306 A:
685 3235 793 3305 Facis
808 3247 848 3306 ut
862 3237 958 3306 aliar
976 3258 1033 3304 res
1047 3235 1150 3304 soles.
1169 3236 1282 3305 lbid.
1301 3236 1363 3304 561
1380 3258 1388 3301 ε

261 3349 522 3419 Scelestirsume
560 3352 668 3421 audes
697 3351 788 3421 milri
812 3350 1030 3441 praedicare
1060 3348 1098 3418 id
1127 3349 1227 3418 domi
1255 3360 1289 3418 te
1318 3370 1391 3418 esse

261 3485 361 3546 nunc,
392 3463 454 3555 qui
483 3465 540 3534 hic
567 3464 663 3535 ades.
696 3467 745 3534 S:
781 3467 872 3535 Vera
904 3465 997 3535 dicu.
1036 3464 1147 3555 Quod
1172 3486 1283 3556 genus
1306 3483 1390 3530 cum

163 3632 165 3636 ,
262 3599 301 3645 ex
333 3593 430 3666 parte
464 3579 608 3668 quidem
647 3579 763 3648 simile
788 3580 834 3648 sit
857 3579 1032 3669 praesenti
1063 3578 1244 3662 historica
1270 3595 1388 3647 tamen

261 3705 396 3759 certum
427 3691 616 3762 discrimen
646 3694 839 3764 intercedit.
873 3693 941 3762 Vix
965 3693 1063 3762 enim
1087 3715 1253 3784 praesens
1279 3691 1389 3760 histo·

261 3804 375 3873 ricum
398 3805 455 3874 hic
479 3807 550 3876 illic
575 3808 766 3893 invenitur,
800 3809 860 3877 sed
895 3829 1036 3898 semper
1057 3829 1120 3899 per
1144 3825 1281 3898 partem
1308 3827 1390 3875 nar-

331 4085 342 4124 ¹
363 4083 408 4139 Cf.
423 4085 447 4141 J.
463 4083 582 4151 Mllller‚
607 4084 726 4142 Handb.
748 4084 775 4141 d.
797 4084 881 4142 class.
904 4084 1106 4140 Altertumsw.
1127 4082 1186 4138 vol.
1213 4083 1250 4151 11,
1272 4101 1300 4155 p.
1322 4099 1385 4151 100,
