3109 4584
621 196 865 268 ..15-

171 361 300 431 dicere.
343 362 455 431 Rud.
494 363 584 450 423:
621 362 712 435 Illut
745 364 884 456 quidem
921 366 1174 457 ,subaquilum‘
1204 367 1302 437 volui

171 475 302 545 dicere.
347 476 416 545 Per
454 498 490 544 se
529 493 648 545 tamen
684 476 932 569 imperfectum
963 502 1035 549 non
1073 480 1195 550 minus
1225 504 1301 551 esse

173 589 375 680 legitimum
402 591 683 661 demonstratur
727 593 870 661 duobus
908 594 1019 664 locis.
1055 595 1156 666 Cas.
1211 597 1300 665 562:

174 702 267 772 illuc
305 703 484 773 volebam:
524 704 695 779 villicum.
741 707 857 776 Ibid.
902 710 989 798 590:
1032 708 1124 777 illuc
1160 709 1301 801 quidem

175 815 331 885 volebam
367 838 446 884 non.
490 816 559 886 His
597 817 693 887 enim
724 819 811 887 locis
841 840 924 887 cum
952 819 1037 889 alibi
1069 821 1226 891 solemne
1259 822 1303 890 sit

180 931 383 1016 perlectum,
418 930 664 1021 imperfectum
688 932 738 1001 sic
761 933 903 1003 defendi
929 952 1057 1025 potest,
1091 953 1130 1003 ut
1153 936 1302 1005 eandem

180 1044 350 1115 rationem
374 1065 484 1133 quam
505 1043 540 1111 in
565 1045 734 1135 exemplis
753 1067 788 1135 p.
821 1071 856 1114 11
887 1070 939 1138 sq.
959 1047 1178 1137 pertractatis
1193 1071 1302 1139 agno·

176 1157 307 1243 vimus,
339 1157 445 1227 etiam
476 1157 533 1226 hic
568 1163 807 1227 statuamus.¹

264 1272 393 1341 Adhuc
423 1272 521 1340 nulla
550 1271 604 1340 vis
635 1272 780 1341 relativa
809 1274 846 1342 in
877 1274 1083 1367 imperfecto
1112 1275 1298 1367 apparuit:

175 1408 266 1476 quae
304 1402 395 1455 certe
433 1387 617 1455 statuenda
648 1403 699 1454 est
733 1386 769 1454 in
800 1409 842 1456 eo
874 1387 1069 1479 imperfecti
1094 1412 1161 1459 usu
1193 1411 1302 1479 quem

175 1522 270 1568 nunc
300 1500 587 1589 pertractandum
619 1500 722 1568 nobis
753 1502 1017 1591 proposuimus,
1052 1505 1147 1573 Nam
1178 1525 1303 1572 omnes

176 1614 330 1683 actiones
367 1628 428 1682 aut
463 1614 506 1682 ad
543 1631 678 1682 certum
715 1631 857 1706 tempus
895 1626 1053 1706 spectant
1091 1616 1138 1686 ita
1166 1636 1213 1704 vut
1243 1635 1303 1687 aut

176 1727 364 1818 praeterito
395 1743 456 1796 aut
485 1726 660 1817 praesenti
691 1745 752 1796 aut
779 1726 899 1797 futuro
931 1744 1089 1820 tempore
1120 1730 1216 1815 fiant,
1242 1748 1303 1799 aut

176 1841 363 1932 temporali
396 1840 534 1909 ratione
564 1863 604 1909 ea
633 1858 802 1926 utuntur,
844 1860 883 1909 ut
912 1843 1107 1934 generatim
1138 1863 1172 1913 et
1199 1845 1301 1935 quasi

180 1954 256 2023 sine
285 1953 370 2023 certi
400 1952 570 2043 temporis
601 1953 744 2022 notione
773 1955 997 2024 denotentur.
1037 1957 1199 2048 Exempli
1229 1980 1302 2049 gra·

176 2065 225 2134 tia
241 2066 271 2133 si
291 2065 419 2135 dixeris
447 2063 643 2149 ‚Hannibal
673 2066 857 2135 Romanos
881 2068 976 2158 apud
997 2066 1140 2138 Cannas
1160 2068 1301 2154 devicit.

95 2188 98 2191 ’
177 2182 267 2251 actio
295 2198 389 2250 certo
421 2196 580 2271 tempore
611 2178 702 2248 facta
734 2181 965 2271 absolutaque
1001 2199 1064 2251 est.
1100 2189 1148 2252 At
1185 2183 1214 2251 si
1256 2183 1303 2252 ita

176 2276 323 2364 dicitur:
359 2294 490 2378 ‚Roma
519 2310 571 2361 est
602 2293 714 2378 urbs‘,
756 2294 854 2363 nulla
887 2295 971 2363 certi
999 2295 1171 2386 temporis
1204 2297 1302 2364 notio

177 2423 331 2498 apparet.
379 2409 497 2496 Atque
533 2428 615 2475 cum
651 2406 804 2476 maxime
841 2429 1006 2497 praesens
1048 2407 1083 2475 in
1124 2408 1302 2479 eiusmodi

175 2520 368 2591 enuntiatis
397 2520 556 2589 adhiberi
588 2521 711 2606 soleat,
743 2537 863 2588 tamen
894 2520 970 2590 fieri
1001 2516 1127 2613 potest,
1166 2538 1205 2590 ut
1236 2524 1302 2592 alia

176 2658 319 2727 quoque
348 2650 510 2724 tempora
540 2634 765 2703 asciscantur.
807 2635 991 2704 Interdum
1024 2634 1122 2704 enim
1160 2653 1302 2729 tempus

177 2751 253 2819 eius
298 2747 457 2834 actionis,
502 2770 593 2838 quae
631 2770 693 2840 per
732 2771 769 2818 se
810 2749 854 2817 ad
884 2766 1021 2818 certum
1050 2765 1190 2841 tempus
1231 2774 1302 2820 non

177 2881 320 2954 spectat,
358 2863 393 2931 vi
424 2861 640 2931 attractionis
667 2861 784 2933 simile
814 2880 928 2953 potest
957 2863 1032 2931 fieri
1062 2862 1214 2953 tempori
1245 2887 1301 2933 ac-

177 2977 284 3046 tionis
303 2977 400 3067 'quae
423 2974 493 3044 dici
520 2991 633 3067 potest
655 2975 858 3066 primariae.
886 2979 1160 3068 Nonnunquam
1184 2995 1302 3048 autem

178 3092 242 3161 etsi
258 3091 347 3160 actio
365 3088 535 3182 primaria
559 3089 732 3179 expressis
748 3090 897 3180 quidem
921 3090 1040 3160 verbis
1057 3112 1128 3159 non
1147 3109 1301 3179 notatur,

178 3224 212 3275 at
242 3222 333 3275 certe
362 3202 534 3295 temporis
563 3204 719 3296 spatium
743 3205 924 3295 quoddam
950 3222 1001 3272 est
1025 3205 1302 3297 subintellegen-

177 3320 265 3388 dum
304 3319 348 3386 ad
386 3317 482 3409 quod
521 3316 692 3385 referatur
733 3334 873 3408 tempus
908 3316 1057 3386 actionis
1099 3340 1161 3407 per
1192 3341 1229 3387 se
1257 3320 1301 3388 ad

177 3448 312 3501 certum
348 3449 490 3522 tempus
525 3453 604 3499 non·
634 3431 835 3522 spectantis.
867 3431 978 3520 Quod
1012 3430 1114 3499 cuius
1142 3432 1241 3500 modi
1266 3456 1302 3501 se

178 3547 317 3631 habeat,
354 3545 550 3613 accuratius
580 3567 790 3635 cognoscere
828 3544 908 3615 licet
933 3568 975 3615 ex
1001 3544 1171 3635 exemplis
1195 3546 1300 3636 ipsis:

178 3659 238 3730 Ca
249 3677 307 3751 pt.
350 3658 436 3726 282:
475 3657 537 3726 H:
577 3657 673 3748 Quid
701 3654 845 3749 pater?
873 3653 1038 3726 vivitne?
1062 3657 1142 3726 Pa.-
1182 3658 1302 3728 Vivum

177 3794 279 3863 quom
307 3770 387 3840 inde
415 3770 552 3839 abimus
582 3770 771 3863 liquimus:
812 3794 900 3841 nunc
938 3770 1077 3840 vivatne
1109 3793 1221 3855 necne,
1265 3773 1303 3841 id

251 4060 261 4102 1
282 4058 342 4115 Sed
361 4058 398 4115 cf.
420 4075 497 4132 qnae
517 4057 554 4114 de
574 4076 601 4113 v.
623 4059 680 4132 590
694 4057 834 4131 exposuit
857 4058 1057 4128 Fuhrmanus‚
1071 4054 1171 4114 Jahrb.
1185 4055 1206 4112 s.
1225 4058 1301 4117 Phil.

177 4139 277 4214 Jahrg.
296 4140 369 4214 1869
382 4159 411 4214 p.
424 4142 491 4212 480.
