<?xml version="1.0" encoding="UTF-8"?>
<!DOCTYPE html PUBLIC "-//W3C//DTD XHTML 1.0 Transitional//EN"
    "http://www.w3.org/TR/xhtml1/DTD/xhtml1-transitional.dtd">
<html xmlns="http://www.w3.org/1999/xhtml" xml:lang="en" lang="en">
 <head>
  <title>
</title>
<meta http-equiv="Content-Type" content="text/html;charset=utf-8" />
  <meta name='ocr-system' content='tesseract 3.04.00' />
  <meta name='ocr-capabilities' content='ocr_page ocr_carea ocr_par ocr_line ocrx_word'/>
</head>
<body>
  <div class='ocr_page' id='page_1' title='image "./detemporumusupl00rodegoog_0049.png"; bbox 0 0 3109 4584; ppageno 0'>
   <div class='ocr_carea' id='block_1_1' title="bbox 605 181 850 259">
    <p class='ocr_par' dir='ltr' id='par_1_1' title="bbox 605 181 850 259">
     <span class='ocr_line' id='line_1_1' title="bbox 605 181 850 259; baseline -0.004 -19"><span class='ocrx_word' id='word_1_1' title='bbox 605 181 850 259; x_wconf 77' lang='lat'>...45.„</span> 
     </span>
    </p>
   </div>
   <div class='ocr_carea' id='block_1_2' title="bbox 158 328 1364 4201">
    <p class='ocr_par' dir='ltr' id='par_1_2' title="bbox 158 328 1364 4201">
     <span class='ocr_line' id='line_1_2' title="bbox 161 328 1283 451; baseline 0.003 -33"><span class='ocrx_word' id='word_1_2' title='bbox 161 328 250 427; x_wconf 86' lang='lat' dir='ltr'>actio</span> <span class='ocrx_word' id='word_1_3' title='bbox 265 351 350 427; x_wconf 65' lang='lat' dir='ltr'>,sine</span> <span class='ocrx_word' id='word_1_4' title='bbox 374 352 485 429; x_wconf 84' lang='lat' dir='ltr'>dubio</span> <span class='ocrx_word' id='word_1_5' title='bbox 509 353 553 420; x_wconf 90' lang='lat' dir='ltr'>ad</span> <span class='ocrx_word' id='word_1_6' title='bbox 578 375 742 451; x_wconf 72' lang='lat' dir='ltr'>praesens</span> <span class='ocrx_word' id='word_1_7' title='bbox 759 371 900 444; x_wconf 90' lang='lat' dir='ltr'>tempus</span> <span class='ocrx_word' id='word_1_8' title='bbox 917 352 1082 444; x_wconf 87' lang='lat' dir='ltr'><strong>pertinet.</strong></span> <span class='ocrx_word' id='word_1_9' title='bbox 1111 351 1283 424; x_wconf 87' lang='lat' dir='ltr'>Similiter</span> 
     </span>
     <span class='ocr_line' id='line_1_3' title="bbox 161 466 1287 559; baseline 0.003 -25"><span class='ocrx_word' id='word_1_10' title='bbox 161 466 196 534; x_wconf 87' lang='lat' dir='ltr'>in</span> <span class='ocrx_word' id='word_1_11' title='bbox 235 467 351 535; x_wconf 89' lang='lat' dir='ltr'>verbis</span> <span class='ocrx_word' id='word_1_12' title='bbox 373 468 497 542; x_wconf 61' lang='lat' dir='ltr'>,eundi</span> <span class='ocrx_word' id='word_1_13' title='bbox 534 485 568 537; x_wconf 95' lang='lat' dir='ltr'>et</span> <span class='ocrx_word' id='word_1_14' title='bbox 597 468 767 559; x_wconf 89' lang='lat' dir='ltr'>sequendi</span> <span class='ocrx_word' id='word_1_15' title='bbox 801 468 833 536; x_wconf 92' lang='lat' dir='ltr'>si</span> <span class='ocrx_word' id='word_1_16' title='bbox 864 468 900 537; x_wconf 95' lang='lat' dir='ltr'>id</span> <span class='ocrx_word' id='word_1_17' title='bbox 933 469 1205 557; x_wconf 88' lang='lat' dir='ltr'>exprimendum</span> <span class='ocrx_word' id='word_1_18' title='bbox 1234 486 1287 538; x_wconf 91' lang='lat' dir='ltr'>est</span> 
     </span>
     <span class='ocr_line' id='line_1_4' title="bbox 162 578 1289 672; baseline 0.002 -25"><span class='ocrx_word' id='word_1_19' title='bbox 162 578 316 668; x_wconf 83' lang='lat' dir='ltr'>aliquem</span> <span class='ocrx_word' id='word_1_20' title='bbox 341 579 413 656; x_wconf 88' lang='lat' dir='ltr'>iam</span> <span class='ocrx_word' id='word_1_21' title='bbox 437 581 592 671; x_wconf 85' lang='lat' dir='ltr'>coepisse</span> <span class='ocrx_word' id='word_1_22' title='bbox 619 581 669 650; x_wconf 89' lang='lat' dir='ltr'>ire</span> <span class='ocrx_word' id='word_1_23' title='bbox 690 583 747 650; x_wconf 80' lang='lat' dir='ltr'>uel</span> <span class='ocrx_word' id='word_1_24' title='bbox 773 581 886 672; x_wconf 76' lang='lat' dir='ltr'>sequi,</span> <span class='ocrx_word' id='word_1_25' title='bbox 908 582 996 650; x_wconf 90' lang='lat' dir='ltr'>dum</span> <span class='ocrx_word' id='word_1_26' title='bbox 1013 581 1139 650; x_wconf 91' lang='lat' dir='ltr'>harum</span> <span class='ocrx_word' id='word_1_27' title='bbox 1165 604 1289 652; x_wconf 80' lang='lat' dir='ltr'>rerum-</span> 
     </span>
     <span class='ocr_line' id='line_1_5' title="bbox 161 693 1282 788; baseline 0.003 -27"><span class='ocrx_word' id='word_1_28' title='bbox 161 693 200 761; x_wconf 87' lang='lat' dir='ltr'>fit</span> <span class='ocrx_word' id='word_1_29' title='bbox 237 694 385 779; x_wconf 73' lang='lat' dir='ltr'>mentio,</span> <span class='ocrx_word' id='word_1_30' title='bbox 410 717 576 784; x_wconf 84' lang='lat' dir='ltr'>praesens</span> <span class='ocrx_word' id='word_1_31' title='bbox 612 696 800 767; x_wconf 83' lang='lat' dir='ltr'>adhibetur</span> <span class='ocrx_word' id='word_1_32' title='bbox 829 701 900 767; x_wconf 85' lang='lat' dir='ltr'>As.</span> <span class='ocrx_word' id='word_1_33' title='bbox 938 697 1032 787; x_wconf 81' lang='lat'>378:</span> <span class='ocrx_word' id='word_1_34' title='bbox 1067 696 1151 788; x_wconf 84' lang='lat' dir='ltr'>Ego</span> <span class='ocrx_word' id='word_1_35' title='bbox 1187 698 1282 766; x_wconf 85' lang='lat' dir='ltr'>obeo.</span> 
     </span>
     <span class='ocr_line' id='line_1_6' title="bbox 161 808 1284 901; baseline 0.001 -24"><span class='ocrx_word' id='word_1_36' title='bbox 161 808 308 897; x_wconf 87' lang='lat' dir='ltr'><strong>Amph.</strong></span> <span class='ocrx_word' id='word_1_37' title='bbox 334 810 404 895; x_wconf 86' lang='lat'>455</span> <span class='ocrx_word' id='word_1_38' title='bbox 419 831 436 883; x_wconf 77' lang='grc' dir='ltr'>ε,</span> <span class='ocrx_word' id='word_1_39' title='bbox 454 808 548 878; x_wconf 83' lang='lat' dir='ltr'>Abeo</span> <span class='ocrx_word' id='word_1_40' title='bbox 572 810 708 898; x_wconf 84' lang='lat' dir='ltr'>potius.</span> <span class='ocrx_word' id='word_1_41' title='bbox 735 809 835 879; x_wconf 82' lang='lat' dir='ltr'>Aul.</span> <span class='ocrx_word' id='word_1_42' title='bbox 864 809 959 900; x_wconf 86' lang='lat'>809:</span> <span class='ocrx_word' id='word_1_43' title='bbox 984 810 1067 877; x_wconf 78' lang='lat' dir='ltr'>lom</span> <span class='ocrx_word' id='word_1_44' title='bbox 1094 819 1127 877; x_wconf 87' lang='lat' dir='ltr'>te</span> <span class='ocrx_word' id='word_1_45' title='bbox 1143 831 1284 901; x_wconf 84' lang='lat' dir='ltr'>sequor.-</span> 
     </span>
     <span class='ocr_line' id='line_1_7' title="bbox 164 921 1288 1013; baseline -0.003 -20"><span class='ocrx_word' id='word_1_46' title='bbox 164 921 226 994; x_wconf 90' lang='lat' dir='ltr'>Sin</span> <span class='ocrx_word' id='word_1_47' title='bbox 252 941 383 1007; x_wconf 86' lang='lat' dir='ltr'>autem,</span> <span class='ocrx_word' id='word_1_48' title='bbox 409 923 506 1013; x_wconf 92' lang='lat' dir='ltr'>quod</span> <span class='ocrx_word' id='word_1_49' title='bbox 540 945 610 992; x_wconf 88' lang='lat' dir='ltr'>non</span> <span class='ocrx_word' id='word_1_50' title='bbox 643 925 799 992; x_wconf 90' lang='lat' dir='ltr'>multum</span> <span class='ocrx_word' id='word_1_51' title='bbox 823 923 952 1010; x_wconf 78' lang='lat' dir='ltr'>differt,</span> <span class='ocrx_word' id='word_1_52' title='bbox 977 923 1212 1013; x_wconf 90' lang='lat' dir='ltr'>premendum</span> <span class='ocrx_word' id='word_1_53' title='bbox 1237 940 1288 991; x_wconf 91' lang='lat' dir='ltr'>est</span> 
     </span>
     <span class='ocr_line' id='line_1_8' title="bbox 163 1036 1281 1128; baseline 0.003 -24"><span class='ocrx_word' id='word_1_54' title='bbox 163 1037 338 1105; x_wconf 81' lang='lat' dir='ltr'>actionem</span> <span class='ocrx_word' id='word_1_55' title='bbox 361 1058 507 1128; x_wconf 92' lang='lat' dir='ltr'>prorsus</span> <span class='ocrx_word' id='word_1_56' title='bbox 531 1060 613 1107; x_wconf 75' lang='lat' dir='ltr'>esse.</span> <span class='ocrx_word' id='word_1_57' title='bbox 629 1036 800 1123; x_wconf 71' lang='lat' dir='ltr'>futuram,</span> <span class='ocrx_word' id='word_1_58' title='bbox 827 1039 893 1106; x_wconf 94' lang='lat' dir='ltr'>hoc</span> <span class='ocrx_word' id='word_1_59' title='bbox 914 1055 1055 1127; x_wconf 90' lang='lat' dir='ltr'>tempus</span> <span class='ocrx_word' id='word_1_60' title='bbox 1080 1055 1281 1128; x_wconf 88' lang='lat' dir='ltr'>usurpatur.</span> 
     </span>
     <span class='ocr_line' id='line_1_9' title="bbox 162 1151 1287 1243; baseline -0.002 -22"><span class='ocrx_word' id='word_1_61' title='bbox 162 1151 321 1242; x_wconf 87' lang='lat' dir='ltr'>Amph.</span> <span class='ocrx_word' id='word_1_62' title='bbox 356 1153 450 1221; x_wconf 88' lang='lat'><strong>550:</strong></span> <span class='ocrx_word' id='word_1_63' title='bbox 483 1151 544 1220; x_wconf 89' lang='lat' dir='ltr'>Ibo</span> <span class='ocrx_word' id='word_1_64' title='bbox 582 1162 617 1220; x_wconf 90' lang='lat' dir='ltr'>et</span> <span class='ocrx_word' id='word_1_65' title='bbox 649 1152 875 1221; x_wconf 84' lang='lat' dir='ltr'>Mercurium</span> <span class='ocrx_word' id='word_1_66' title='bbox 912 1153 1118 1243; x_wconf 75' lang='lat' dir='ltr'>subsequor.</span> <span class='ocrx_word' id='word_1_67' title='bbox 1159 1154 1287 1241; x_wconf 91' lang='lat' dir='ltr'>Neque</span> 
     </span>
     <span class='ocr_line' id='line_1_10' title="bbox 163 1262 1288 1353; baseline 0.003 -23"><span class='ocrx_word' id='word_1_68' title='bbox 163 1262 339 1352; x_wconf 85' lang='lat' dir='ltr'>discrepat</span> <span class='ocrx_word' id='word_1_69' title='bbox 362 1264 460 1332; x_wconf 93' lang='lat' dir='ltr'>locus</span> <span class='ocrx_word' id='word_1_70' title='bbox 491 1265 598 1334; x_wconf 89' lang='lat' dir='ltr'>Men.</span> <span class='ocrx_word' id='word_1_71' title='bbox 624 1267 695 1353; x_wconf 85' lang='lat'>43:</span> <span class='ocrx_word' id='word_1_72' title='bbox 722 1267 778 1335; x_wconf 84' lang='lat' dir='ltr'>Ne</span> <span class='ocrx_word' id='word_1_73' title='bbox 807 1289 892 1335; x_wconf 84' lang='lat' dir='ltr'>mox</span> <span class='ocrx_word' id='word_1_74' title='bbox 925 1267 1068 1348; x_wconf 84' lang='lat' dir='ltr'>erretis,</span> <span class='ocrx_word' id='word_1_75' title='bbox 1103 1266 1174 1334; x_wconf 87' lang='lat' dir='ltr'>iam</span> <span class='ocrx_word' id='word_1_76' title='bbox 1200 1287 1288 1334; x_wconf 73' lang='lat' dir='ltr'>stunc</span> 
     </span>
     <span class='ocr_line' id='line_1_11' title="bbox 158 1375 1288 1471; baseline 0.002 -27"><span class='ocrx_word' id='word_1_77' title='bbox 158 1375 331 1467; x_wconf 80' lang='lat' dir='ltr'>praedico</span> <span class='ocrx_word' id='word_1_78' title='bbox 360 1378 510 1469; x_wconf 70' lang='lat' dir='ltr'>prius:</span> <span class='ocrx_word' id='word_1_79' title='bbox 555 1379 689 1469; x_wconf 84' lang='lat' dir='ltr'>ldemst</span> <span class='ocrx_word' id='word_1_80' title='bbox 748 1381 914 1449; x_wconf 80' lang='lat' dir='ltr'>ambobus</span> <span class='ocrx_word' id='word_1_81' title='bbox 963 1401 1083 1448; x_wconf 83' lang='lat' dir='ltr'>nomen</span> <span class='ocrx_word' id='word_1_82' title='bbox 1121 1379 1288 1471; x_wconf 75' lang='lat' dir='ltr'>genuinis</span> 
     </span>
     <span class='ocr_line' id='line_1_12' title="bbox 160 1490 1288 1584; baseline 0.003 -27"><span class='ocrx_word' id='word_1_83' title='bbox 160 1490 358 1578; x_wconf 82' lang='lat' dir='ltr'>fratribus.</span> <span class='ocrx_word' id='word_1_84' title='bbox 400 1492 479 1560; x_wconf 93' lang='lat' dir='ltr'>Hoc</span> <span class='ocrx_word' id='word_1_85' title='bbox 523 1492 620 1561; x_wconf 89' lang='lat' dir='ltr'>enim</span> <span class='ocrx_word' id='word_1_86' title='bbox 655 1494 733 1562; x_wconf 91' lang='lat' dir='ltr'>loco</span> <span class='ocrx_word' id='word_1_87' title='bbox 773 1493 802 1561; x_wconf 89' lang='lat' dir='ltr'>si</span> <span class='ocrx_word' id='word_1_88' title='bbox 836 1516 901 1584; x_wconf 90' lang='lat' dir='ltr'>pro</span> <span class='ocrx_word' id='word_1_89' title='bbox 943 1493 1105 1582; x_wconf 67' lang='lat' dir='ltr'>paraturi,</span> <span class='ocrx_word' id='word_1_90' title='bbox 1131 1492 1288 1562; x_wconf 88' lang='lat' dir='ltr'>adhibita</span> 
     </span>
     <span class='ocr_line' id='line_1_13' title="bbox 164 1606 1290 1700; baseline 0.005 -30"><span class='ocrx_word' id='word_1_91' title='bbox 164 1622 254 1672; x_wconf 91' lang='lat' dir='ltr'>esset</span> <span class='ocrx_word' id='word_1_92' title='bbox 278 1606 492 1696; x_wconf 67' lang='lat' dir='ltr'>hypotaxis‚‚</span> <span class='ocrx_word' id='word_1_93' title='bbox 510 1608 607 1697; x_wconf 93' lang='lat' dir='ltr'>quod</span> <span class='ocrx_word' id='word_1_94' title='bbox 633 1626 687 1676; x_wconf 91' lang='lat' dir='ltr'>est</span> <span class='ocrx_word' id='word_1_95' title='bbox 710 1609 866 1700; x_wconf 72' lang='lat' dir='ltr'>vulgare,</span> <span class='ocrx_word' id='word_1_96' title='bbox 893 1608 942 1677; x_wconf 90' lang='lat' dir='ltr'>sic</span> <span class='ocrx_word' id='word_1_97' title='bbox 959 1609 1156 1700; x_wconf 87' lang='lat' dir='ltr'>legeretur:</span> <span class='ocrx_word' id='word_1_98' title='bbox 1186 1609 1290 1676; x_wconf 87' lang='lat' dir='ltr'>Nune</span> 
     </span>
     <span class='ocr_line' id='line_1_14' title="bbox 158 1717 1290 1814; baseline 0.002 -28"><span class='ocrx_word' id='word_1_99' title='bbox 158 1717 332 1809; x_wconf 79' lang='lat' dir='ltr'>praedico</span> <span class='ocrx_word' id='word_1_100' title='bbox 379 1717 470 1787; x_wconf 85' lang='lat' dir='ltr'>idem</span> <span class='ocrx_word' id='word_1_101' title='bbox 517 1743 589 1789; x_wconf 85' lang='lat' dir='ltr'>csse</span> <span class='ocrx_word' id='word_1_102' title='bbox 630 1743 751 1790; x_wconf 87' lang='lat' dir='ltr'>nomen</span> <span class='ocrx_word' id='word_1_103' title='bbox 793 1722 962 1790; x_wconf 83' lang='lat' dir='ltr'>ambobus</span> <span class='ocrx_word' id='word_1_104' title='bbox 989 1721 1194 1814; x_wconf 83' lang='lat' dir='ltr'>fratribus.</span> <span class='ocrx_word' id='word_1_105' title='bbox 1238 1720 1290 1789; x_wconf 83' lang='lat' dir='ltr'>Ex</span> 
     </span>
     <span class='ocr_line' id='line_1_15' title="bbox 165 1834 1364 1924; baseline 0 -24"><span class='ocrx_word' id='word_1_106' title='bbox 165 1854 238 1922; x_wconf 87' lang='lat' dir='ltr'>quo</span> <span class='ocrx_word' id='word_1_107' title='bbox 268 1834 359 1901; x_wconf 88' lang='lat' dir='ltr'>clare</span> <span class='ocrx_word' id='word_1_108' title='bbox 383 1835 614 1924; x_wconf 51' lang='lat' dir='ltr'>¹cognoscitur</span> <span class='ocrx_word' id='word_1_109' title='bbox 647 1834 767 1904; x_wconf 85' lang='lat' dir='ltr'>futuro</span> <span class='ocrx_word' id='word_1_110' title='bbox 798 1836 938 1904; x_wconf 91' lang='lat' dir='ltr'>nullum</span> <span class='ocrx_word' id='word_1_111' title='bbox 964 1836 1081 1903; x_wconf 89' lang='lat' dir='ltr'>locum</span> <span class='ocrx_word' id='word_1_112' title='bbox 1105 1856 1182 1903; x_wconf 92' lang='lat' dir='ltr'>esse</span> <span class='ocrx_word' id='word_1_113' title='bbox 1206 1855 1288 1901; x_wconf 90' lang='lat' dir='ltr'>con·</span> <span class='ocrx_word' id='word_1_114' title='bbox 1362 1870 1364 1877; x_wconf 40' lang='grc' dir='ltr'><strong><em>ι</em></strong></span> 
     </span>
     <span class='ocr_line' id='line_1_16' title="bbox 166 1946 1286 2036; baseline 0.001 -23"><span class='ocrx_word' id='word_1_115' title='bbox 166 1946 376 2013; x_wconf 91' lang='lat' dir='ltr'>cedendum.</span> <span class='ocrx_word' id='word_1_116' title='bbox 413 1947 541 2015; x_wconf 89' lang='lat' dir='ltr'>Paullo</span> <span class='ocrx_word' id='word_1_117' title='bbox 574 1947 686 2034; x_wconf 25' lang='lat' dir='ltr'>aliter·</span> <span class='ocrx_word' id='word_1_118' title='bbox 712 1969 766 2017; x_wconf 93' lang='lat' dir='ltr'>res</span> <span class='ocrx_word' id='word_1_119' title='bbox 803 1969 839 2016; x_wconf 95' lang='lat' dir='ltr'>se</span> <span class='ocrx_word' id='word_1_120' title='bbox 878 1948 982 2017; x_wconf 91' lang='lat' dir='ltr'>habet</span> <span class='ocrx_word' id='word_1_121' title='bbox 1022 1949 1149 2016; x_wconf 92' lang='lat' dir='ltr'>Poen.</span> <span class='ocrx_word' id='word_1_122' title='bbox 1190 1968 1286 2036; x_wconf 85' lang='lat'><strong>427:</strong></span> 
     </span>
     <span class='ocr_line' id='line_1_17' title="bbox 164 2058 1288 2153; baseline -0.001 -26"><span class='ocrx_word' id='word_1_123' title='bbox 164 2058 295 2151; x_wconf 77' lang='lat' dir='ltr'>Fugio.</span> <span class='ocrx_word' id='word_1_124' title='bbox 344 2061 441 2131; x_wconf 91' lang='lat' dir='ltr'>Nam</span> <span class='ocrx_word' id='word_1_125' title='bbox 480 2083 698 2152; x_wconf 89' lang='lat' dir='ltr'>quamquam</span> <span class='ocrx_word' id='word_1_126' title='bbox 746 2061 775 2129; x_wconf 92' lang='lat' dir='ltr'>is</span> <span class='ocrx_word' id='word_1_127' title='bbox 822 2062 884 2153; x_wconf 88' lang='lat' dir='ltr'>qui</span> <span class='ocrx_word' id='word_1_128' title='bbox 918 2062 967 2130; x_wconf 91' lang='lat' dir='ltr'>sic</span> <span class='ocrx_word' id='word_1_129' title='bbox 1006 2062 1163 2151; x_wconf 91' lang='lat' dir='ltr'>loquitur</span> <span class='ocrx_word' id='word_1_130' title='bbox 1199 2081 1288 2128; x_wconf 90' lang='lat' dir='ltr'>non-</span> 
     </span>
     <span class='ocr_line' id='line_1_18' title="bbox 163 2173 1288 2265; baseline -0.001 -23"><span class='ocrx_word' id='word_1_131' title='bbox 163 2175 251 2243; x_wconf 92' lang='lat' dir='ltr'>dum</span> <span class='ocrx_word' id='word_1_132' title='bbox 275 2173 379 2264; x_wconf 77' lang='lat' dir='ltr'>fugit,</span> <span class='ocrx_word' id='word_1_133' title='bbox 403 2192 521 2243; x_wconf 90' lang='lat' dir='ltr'>tamen</span> <span class='ocrx_word' id='word_1_134' title='bbox 546 2175 721 2265; x_wconf 89' lang='lat' dir='ltr'>praesenti</span> <span class='ocrx_word' id='word_1_135' title='bbox 746 2176 906 2244; x_wconf 93' lang='lat' dir='ltr'>adhibito</span> <span class='ocrx_word' id='word_1_136' title='bbox 929 2176 964 2243; x_wconf 90' lang='lat' dir='ltr'>id</span> <span class='ocrx_word' id='word_1_137' title='bbox 989 2175 1105 2255; x_wconf 79' lang='lat' dir='ltr'>efficit,</span> <span class='ocrx_word' id='word_1_138' title='bbox 1124 2193 1162 2243; x_wconf 88' lang='lat' dir='ltr'>ut</span> <span class='ocrx_word' id='word_1_139' title='bbox 1182 2174 1288 2264; x_wconf 91' lang='lat' dir='ltr'>isqui</span> 
     </span>
     <span class='ocr_line' id='line_1_19' title="bbox 164 2286 1288 2378; baseline 0 -21"><span class='ocrx_word' id='word_1_140' title='bbox 164 2310 248 2357; x_wconf 89' lang='lat' dir='ltr'>eum</span> <span class='ocrx_word' id='word_1_141' title='bbox 270 2288 369 2356; x_wconf 90' lang='lat' dir='ltr'>iubet</span> <span class='ocrx_word' id='word_1_142' title='bbox 392 2286 511 2377; x_wconf 85' lang='lat' dir='ltr'>fugere</span> <span class='ocrx_word' id='word_1_143' title='bbox 535 2289 654 2378; x_wconf 92' lang='lat' dir='ltr'>potius</span> <span class='ocrx_word' id='word_1_144' title='bbox 680 2314 715 2359; x_wconf 90' lang='lat' dir='ltr'>se</span> <span class='ocrx_word' id='word_1_145' title='bbox 739 2290 812 2358; x_wconf 91' lang='lat' dir='ltr'>iam</span> <span class='ocrx_word' id='word_1_146' title='bbox 836 2291 903 2359; x_wconf 89' lang='lat' dir='ltr'>hoc</span> <span class='ocrx_word' id='word_1_147' title='bbox 925 2290 1037 2358; x_wconf 83' lang='lat' dir='ltr'>lacere</span> <span class='ocrx_word' id='word_1_148' title='bbox 1071 2289 1199 2358; x_wconf 85' lang='lat' dir='ltr'>credat.</span> <span class='ocrx_word' id='word_1_149' title='bbox 1228 2290 1288 2357; x_wconf 92' lang='lat' dir='ltr'>In·</span> 
     </span>
     <span class='ocr_line' id='line_1_20' title="bbox 164 2402 1227 2494; baseline 0 -22"><span class='ocrx_word' id='word_1_150' title='bbox 164 2422 216 2473; x_wconf 92' lang='lat' dir='ltr'>est</span> <span class='ocrx_word' id='word_1_151' title='bbox 239 2402 344 2494; x_wconf 85' lang='lat' dir='ltr'>igitur</span> <span class='ocrx_word' id='word_1_152' title='bbox 360 2402 404 2470; x_wconf 65' lang='lat' dir='ltr'>,in</span> <span class='ocrx_word' id='word_1_153' title='bbox 429 2402 607 2492; x_wconf 86' lang='lat' dir='ltr'>praesenti</span> <span class='ocrx_word' id='word_1_154' title='bbox 632 2403 792 2472; x_wconf 90' lang='lat' dir='ltr'>abhibito</span> <span class='ocrx_word' id='word_1_155' title='bbox 817 2403 912 2473; x_wconf 89' lang='lat' dir='ltr'>fraus</span> <span class='ocrx_word' id='word_1_156' title='bbox 937 2405 1123 2493; x_wconf 90' lang='lat' dir='ltr'>quaedam.</span> <span class='ocrx_word' id='word_1_157' title='bbox 1225 2462 1227 2465; x_wconf 89' lang='lat'><em>.</em></span> 
     </span>
     <span class='ocr_line' id='line_1_21' title="bbox 253 2513 1287 2606; baseline -0.003 -23"><span class='ocrx_word' id='word_1_158' title='bbox 253 2514 400 2583; x_wconf 86' lang='lat' dir='ltr'>Minime</span> <span class='ocrx_word' id='word_1_159' title='bbox 424 2537 508 2584; x_wconf 91' lang='lat' dir='ltr'>vero</span> <span class='ocrx_word' id='word_1_160' title='bbox 525 2515 562 2584; x_wconf 93' lang='lat' dir='ltr'>in</span> <span class='ocrx_word' id='word_1_161' title='bbox 580 2516 714 2585; x_wconf 88' lang='lat' dir='ltr'>Holtzii</span> <span class='ocrx_word' id='word_1_162' title='bbox 734 2516 945 2586; x_wconf 90' lang='lat' dir='ltr'>sententiam</span> <span class='ocrx_word' id='word_1_163' title='bbox 963 2517 1013 2586; x_wconf 92' lang='lat' dir='ltr'>ire</span> <span class='ocrx_word' id='word_1_164' title='bbox 1033 2537 1194 2606; x_wconf 69' lang='lat' dir='ltr'>possum,</span> <span class='ocrx_word' id='word_1_165' title='bbox 1225 2513 1287 2603; x_wconf 92' lang='lat' dir='ltr'>qui</span> 
     </span>
     <span class='ocr_line' id='line_1_22' title="bbox 164 2629 1289 2723; baseline -0.003 -25"><span class='ocrx_word' id='word_1_166' title='bbox 164 2630 353 2723; x_wconf 91' lang='lat' dir='ltr'>plaudente</span> <span class='ocrx_word' id='word_1_167' title='bbox 379 2629 556 2720; x_wconf 83' lang='lat' dir='ltr'>Draegero</span> <span class='ocrx_word' id='word_1_168' title='bbox 580 2649 746 2719; x_wconf 89' lang='lat' dir='ltr'>praesens</span> <span class='ocrx_word' id='word_1_169' title='bbox 772 2632 1043 2721; x_wconf 71' lang='lat' dir='ltr'>‚fateor‘‚.qu0d</span> <span class='ocrx_word' id='word_1_170' title='bbox 1073 2629 1156 2698; x_wconf 91' lang='lat' dir='ltr'>satis</span> <span class='ocrx_word' id='word_1_171' title='bbox 1185 2649 1289 2718; x_wconf 88' lang='lat' dir='ltr'>saepe</span> 
     </span>
     <span class='ocr_line' id='line_1_23' title="bbox 165 2740 1287 2834; baseline -0.004 -23"><span class='ocrx_word' id='word_1_172' title='bbox 165 2743 259 2833; x_wconf 91' lang='lat' dir='ltr'>apud</span> <span class='ocrx_word' id='word_1_173' title='bbox 284 2742 453 2810; x_wconf 89' lang='lat' dir='ltr'>Plautum</span> <span class='ocrx_word' id='word_1_174' title='bbox 477 2741 668 2826; x_wconf 78' lang='lat' dir='ltr'>invenitur,</span> <span class='ocrx_word' id='word_1_175' title='bbox 694 2761 905 2834; x_wconf 91' lang='lat' dir='ltr'>usurpatum</span> <span class='ocrx_word' id='word_1_176' title='bbox 930 2765 1006 2811; x_wconf 93' lang='lat' dir='ltr'>esse</span> <span class='ocrx_word' id='word_1_177' title='bbox 1036 2763 1101 2834; x_wconf 87' lang='lat' dir='ltr'>pro</span> <span class='ocrx_word' id='word_1_178' title='bbox 1124 2740 1287 2822; x_wconf 69' lang='lat' dir='ltr'>,fatebor‘</span> 
     </span>
     <span class='ocr_line' id='line_1_24' title="bbox 165 2854 1288 2946; baseline -0.001 -24"><span class='ocrx_word' id='word_1_179' title='bbox 165 2855 284 2924; x_wconf 83' lang='lat' dir='ltr'>futuro</span> <span class='ocrx_word' id='word_1_180' title='bbox 316 2854 484 2937; x_wconf 86' lang='lat' dir='ltr'>statuerit.</span> <span class='ocrx_word' id='word_1_181' title='bbox 529 2855 704 2944; x_wconf 88' lang='lat' dir='ltr'>Equidem</span> <span class='ocrx_word' id='word_1_182' title='bbox 736 2856 972 2946; x_wconf 89' lang='lat' dir='ltr'>perlustratis.</span> <span class='ocrx_word' id='word_1_183' title='bbox 997 2855 1167 2946; x_wconf 84' lang='lat' dir='ltr'>exemplis</span> <span class='ocrx_word' id='word_1_184' title='bbox 1198 2877 1288 2944; x_wconf 89' lang='lat' dir='ltr'>quae</span> 
     </span>
     <span class='ocr_line' id='line_1_25' title="bbox 165 2968 1288 3060; baseline -0.001 -21"><span class='ocrx_word' id='word_1_185' title='bbox 165 2971 221 3041; x_wconf 72' lang='lat' dir='ltr'>ab.</span> <span class='ocrx_word' id='word_1_186' title='bbox 242 2968 387 3042; x_wconf 81' lang='lat' dir='ltr'>Holtzio,</span> <span class='ocrx_word' id='word_1_187' title='bbox 421 2970 563 3038; x_wconf 87' lang='lat' dir='ltr'>collecta</span> <span class='ocrx_word' id='word_1_188' title='bbox 606 2988 688 3039; x_wconf 84' lang='lat' dir='ltr'>sunt</span> <span class='ocrx_word' id='word_1_189' title='bbox 721 2993 756 3060; x_wconf 91' lang='lat' dir='ltr'>p.</span> <span class='ocrx_word' id='word_1_190' title='bbox 799 2971 859 3055; x_wconf 75' lang='lat'>68,</span> <span class='ocrx_word' id='word_1_191' title='bbox 899 2972 1035 3040; x_wconf 90' lang='lat' dir='ltr'>nullam</span> <span class='ocrx_word' id='word_1_192' title='bbox 1075 2972 1146 3039; x_wconf 91' lang='lat' dir='ltr'>vim</span> <span class='ocrx_word' id='word_1_193' title='bbox 1179 2969 1288 3038; x_wconf 81' lang='lat' dir='ltr'>futuri</span> 
     </span>
     <span class='ocr_line' id='line_1_26' title="bbox 164 3083 1289 3173; baseline -0.002 -22"><span class='ocrx_word' id='word_1_194' title='bbox 164 3083 427 3173; x_wconf 88' lang='lat' dir='ltr'>deprehendere</span> <span class='ocrx_word' id='word_1_195' title='bbox 454 3084 565 3173; x_wconf 91' lang='lat' dir='ltr'>potui.</span> <span class='ocrx_word' id='word_1_196' title='bbox 609 3085 705 3165; x_wconf 92' lang='lat' dir='ltr'>Nam</span> <span class='ocrx_word' id='word_1_197' title='bbox 738 3101 799 3158; x_wconf 84' lang='lat' dir='ltr'>aut</span> <span class='ocrx_word' id='word_1_198' title='bbox 832 3085 868 3152; x_wconf 89' lang='lat' dir='ltr'>in</span> <span class='ocrx_word' id='word_1_199' title='bbox 901 3086 1010 3154; x_wconf 89' lang='lat' dir='ltr'>verbo</span> <span class='ocrx_word' id='word_1_200' title='bbox 1044 3083 1176 3154; x_wconf 90' lang='lat' dir='ltr'>latendi</span> <span class='ocrx_word' id='word_1_201' title='bbox 1211 3083 1289 3172; x_wconf 89' lang='lat' dir='ltr'>ipso</span> 
     </span>
     <span class='ocr_line' id='line_1_27' title="bbox 165 3198 1288 3288; baseline -0.002 -21"><span class='ocrx_word' id='word_1_202' title='bbox 165 3200 255 3268; x_wconf 84' lang='lat' dir='ltr'>inest</span> <span class='ocrx_word' id='word_1_203' title='bbox 277 3198 463 3283; x_wconf 70' lang='lat' dir='ltr'>confessio,</span> <span class='ocrx_word' id='word_1_204' title='bbox 498 3217 558 3268; x_wconf 89' lang='lat' dir='ltr'>aut</span> <span class='ocrx_word' id='word_1_205' title='bbox 588 3199 625 3268; x_wconf 90' lang='lat' dir='ltr'>in</span> <span class='ocrx_word' id='word_1_206' title='bbox 656 3200 855 3269; x_wconf 88' lang='lat' dir='ltr'>accusativo</span> <span class='ocrx_word' id='word_1_207' title='bbox 887 3222 969 3268; x_wconf 91' lang='lat' dir='ltr'>cum</span> <span class='ocrx_word' id='word_1_208' title='bbox 1004 3199 1178 3268; x_wconf 83' lang='lat' dir='ltr'>infinitivo</span> <span class='ocrx_word' id='word_1_209' title='bbox 1202 3219 1288 3288; x_wconf 88' lang='lat' dir='ltr'>pen-</span> 
     </span>
     <span class='ocr_line' id='line_1_28' title="bbox 165 3312 1289 3403; baseline -0.005 -20"><span class='ocrx_word' id='word_1_210' title='bbox 165 3316 271 3383; x_wconf 92' lang='lat' dir='ltr'>dente</span> <span class='ocrx_word' id='word_1_211' title='bbox 294 3335 336 3381; x_wconf 85' lang='lat' dir='ltr'>ex</span> <span class='ocrx_word' id='word_1_212' title='bbox 359 3312 467 3382; x_wconf 92' lang='lat' dir='ltr'>verbo</span> <span class='ocrx_word' id='word_1_213' title='bbox 491 3312 635 3381; x_wconf 84' lang='lat' dir='ltr'>fatendi.</span> <span class='ocrx_word' id='word_1_214' title='bbox 663 3314 708 3383; x_wconf 91' lang='lat' dir='ltr'>Et</span> <span class='ocrx_word' id='word_1_215' title='bbox 732 3336 776 3382; x_wconf 91' lang='lat' dir='ltr'>ne</span> <span class='ocrx_word' id='word_1_216' title='bbox 793 3336 834 3381; x_wconf 93' lang='lat' dir='ltr'>ea</span> <span class='ocrx_word' id='word_1_217' title='bbox 850 3313 995 3403; x_wconf 86' lang='lat' dir='ltr'>quidem</span> <span class='ocrx_word' id='word_1_218' title='bbox 1022 3313 1181 3401; x_wconf 85' lang='lat' dir='ltr'>exempla</span> <span class='ocrx_word' id='word_1_219' title='bbox 1198 3332 1289 3400; x_wconf 92' lang='lat' dir='ltr'>quae</span> 
     </span>
     <span class='ocr_line' id='line_1_29' title="bbox 165 3425 1290 3519; baseline -0.005 -23"><span class='ocrx_word' id='word_1_220' title='bbox 165 3444 299 3496; x_wconf 85' lang='lat' dir='ltr'>exstant</span> <span class='ocrx_word' id='word_1_221' title='bbox 322 3428 450 3496; x_wconf 85' lang='lat' dir='ltr'>Merc.</span> <span class='ocrx_word' id='word_1_222' title='bbox 477 3426 571 3517; x_wconf 84' lang='lat'>982:</span> <span class='ocrx_word' id='word_1_223' title='bbox 598 3426 745 3508; x_wconf 87' lang='lat' dir='ltr'>Fateor,</span> <span class='ocrx_word' id='word_1_224' title='bbox 774 3425 912 3518; x_wconf 85' lang='lat' dir='ltr'>deliqui</span> <span class='ocrx_word' id='word_1_225' title='bbox 934 3428 1114 3519; x_wconf 84' lang='lat' dir='ltr'>profecto.</span> <span class='ocrx_word' id='word_1_226' title='bbox 1154 3425 1290 3493; x_wconf 91' lang='lat' dir='ltr'>Persa</span> 
     </span>
     <span class='ocr_line' id='line_1_30' title="bbox 167 3538 1287 3632; baseline -0.002 -24"><span class='ocrx_word' id='word_1_227' title='bbox 167 3542 260 3632; x_wconf 80' lang='lat'>734:</span> <span class='ocrx_word' id='word_1_228' title='bbox 290 3538 438 3621; x_wconf 85' lang='lat' dir='ltr'>Fateor,</span> <span class='ocrx_word' id='word_1_229' title='bbox 466 3540 573 3611; x_wconf 80' lang='lat' dir='ltr'>habeo</span> <span class='ocrx_word' id='word_1_230' title='bbox 600 3539 767 3630; x_wconf 80' lang='lat' dir='ltr'>gratiam</span> <span class='ocrx_word' id='word_1_231' title='bbox 800 3541 844 3609; x_wconf 94' lang='lat' dir='ltr'>ab</span> <span class='ocrx_word' id='word_1_232' title='bbox 874 3542 938 3611; x_wconf 85' lang='lat' dir='ltr'>hac</span> <span class='ocrx_word' id='word_1_233' title='bbox 967 3540 1041 3631; x_wconf 83' lang='lat' dir='ltr'>lege</span> <span class='ocrx_word' id='word_1_234' title='bbox 1074 3540 1287 3621; x_wconf 76' lang='lat' dir='ltr'>abhorrent3</span> 
     </span>
     <span class='ocr_line' id='line_1_31' title="bbox 165 3651 1288 3745; baseline -0.006 -20"><span class='ocrx_word' id='word_1_235' title='bbox 165 3673 216 3725; x_wconf 91' lang='lat' dir='ltr'>est</span> <span class='ocrx_word' id='word_1_236' title='bbox 247 3654 341 3723; x_wconf 89' lang='lat' dir='ltr'>enim</span> <span class='ocrx_word' id='word_1_237' title='bbox 373 3654 526 3721; x_wconf 87' lang='lat' dir='ltr'>admissa</span> <span class='ocrx_word' id='word_1_238' title='bbox 564 3654 709 3744; x_wconf 89' lang='lat' dir='ltr'>perinde</span> <span class='ocrx_word' id='word_1_239' title='bbox 748 3672 851 3745; x_wconf 89' lang='lat' dir='ltr'>atque</span> <span class='ocrx_word' id='word_1_240' title='bbox 891 3656 1006 3724; x_wconf 90' lang='lat' dir='ltr'>Men.</span> <span class='ocrx_word' id='word_1_241' title='bbox 1038 3654 1082 3741; x_wconf 83' lang='lat'>43</span> <span class='ocrx_word' id='word_1_242' title='bbox 1114 3651 1288 3742; x_wconf 84' lang='lat' dir='ltr'>parataxis</span> 
     </span>
     <span class='ocr_line' id='line_1_32' title="bbox 165 3765 1287 3859; baseline -0.003 -22"><span class='ocrx_word' id='word_1_243' title='bbox 165 3790 230 3858; x_wconf 88' lang='lat' dir='ltr'>pro</span> <span class='ocrx_word' id='word_1_244' title='bbox 273 3766 460 3858; x_wconf 64' lang='lat' dir='ltr'>hypotaxi‚</span> <span class='ocrx_word' id='word_1_245' title='bbox 509 3790 599 3858; x_wconf 92' lang='lat' dir='ltr'>quae</span> <span class='ocrx_word' id='word_1_246' title='bbox 629 3785 698 3836; x_wconf 23' lang='lat' dir='ltr'>rest</span> <span class='ocrx_word' id='word_1_247' title='bbox 746 3769 903 3859; x_wconf 85' lang='lat' dir='ltr'>legitima</span> <span class='ocrx_word' id='word_1_248' title='bbox 940 3769 1071 3859; x_wconf 81' lang='lat' dir='ltr'>fateor</span> <span class='ocrx_word' id='word_1_249' title='bbox 1109 3790 1160 3836; x_wconf 89' lang='lat' dir='ltr'>me</span> <span class='ocrx_word' id='word_1_250' title='bbox 1198 3765 1287 3836; x_wconf 71' lang='lat' dir='ltr'>deli-</span> 
     </span>
     <span class='ocr_line' id='line_1_33' title="bbox 165 3879 1288 3972; baseline 0.001 -25"><span class='ocrx_word' id='word_1_251' title='bbox 165 3881 304 3972; x_wconf 82' lang='lat' dir='ltr'>quisse:</span> <span class='ocrx_word' id='word_1_252' title='bbox 353 3880 449 3970; x_wconf 90' lang='lat' dir='ltr'>quod</span> <span class='ocrx_word' id='word_1_253' title='bbox 486 3881 515 3947; x_wconf 94' lang='lat' dir='ltr'>si</span> <span class='ocrx_word' id='word_1_254' title='bbox 555 3897 715 3965; x_wconf 76' lang='lat' dir='ltr'>exstaret,</span> <span class='ocrx_word' id='word_1_255' title='bbox 756 3903 861 3950; x_wconf 92' lang='lat' dir='ltr'>nemo</span> <span class='ocrx_word' id='word_1_256' title='bbox 904 3883 947 3950; x_wconf 93' lang='lat' dir='ltr'>de</span> <span class='ocrx_word' id='word_1_257' title='bbox 986 3881 1106 3949; x_wconf 88' lang='lat' dir='ltr'>futura</span> <span class='ocrx_word' id='word_1_258' title='bbox 1144 3879 1288 3949; x_wconf 92' lang='lat' dir='ltr'>notione</span> 
     </span>
     <span class='ocr_line' id='line_1_34' title="bbox 165 3994 1289 4089; baseline -0.002 -26"><span class='ocrx_word' id='word_1_259' title='bbox 165 3994 342 4085; x_wconf 84' lang='lat' dir='ltr'>cogitaret.</span> <span class='ocrx_word' id='word_1_260' title='bbox 380 3995 452 4089; x_wconf 86' lang='lat' dir='ltr'>Sed</span> <span class='ocrx_word' id='word_1_261' title='bbox 489 4012 594 4064; x_wconf 90' lang='lat' dir='ltr'>restat</span> <span class='ocrx_word' id='word_1_262' title='bbox 633 4018 725 4063; x_wconf 90' lang='lat' dir='ltr'>unus</span> <span class='ocrx_word' id='word_1_263' title='bbox 766 3996 877 4080; x_wconf 70' lang='lat' dir='ltr'>locus‚</span> <span class='ocrx_word' id='word_1_264' title='bbox 927 3995 988 4065; x_wconf 92' lang='lat' dir='ltr'>ubi</span> <span class='ocrx_word' id='word_1_265' title='bbox 1027 3995 1196 4065; x_wconf 86' lang='lat' dir='ltr'>traditum</span> <span class='ocrx_word' id='word_1_266' title='bbox 1235 4012 1289 4062; x_wconf 84' lang='lat' dir='ltr'>est</span> 
     </span>
     <span class='ocr_line' id='line_1_35' title="bbox 165 4107 1289 4201; baseline 0.001 -26"><span class='ocrx_word' id='word_1_267' title='bbox 165 4108 336 4177; x_wconf 84' lang='lat' dir='ltr'>futurum.</span> <span class='ocrx_word' id='word_1_268' title='bbox 375 4110 484 4179; x_wconf 90' lang='lat' dir='ltr'>Rud.</span> <span class='ocrx_word' id='word_1_269' title='bbox 520 4111 613 4197; x_wconf 83' lang='lat'><strong>284:</strong></span> <span class='ocrx_word' id='word_1_270' title='bbox 654 4111 735 4178; x_wconf 90' lang='lat' dir='ltr'>Am.</span> <span class='ocrx_word' id='word_1_271' title='bbox 779 4109 922 4178; x_wconf 83' lang='lat' dir='ltr'>Veneris</span> <span class='ocrx_word' id='word_1_272' title='bbox 943 4111 1076 4201; x_wconf 83' lang='lat' dir='ltr'>fanum</span> <span class='ocrx_word' id='word_1_273' title='bbox 1111 4111 1174 4177; x_wconf 84' lang='lat' dir='ltr'>hoc</span> <span class='ocrx_word' id='word_1_274' title='bbox 1201 4107 1289 4201; x_wconf 67' lang='lat' dir='ltr'>est?</span> 
     </span>
    </p>
   </div>
   <div class='ocr_carea' id='block_1_3' title="bbox 0 0 1563 4584">
    <p class='ocr_par' dir='ltr' id='par_1_3' title="bbox 0 0 1563 4584">
     <span class='ocr_line' id='line_1_36' title="bbox 0 0 1563 4584; baseline 0 0"><span class='ocrx_word' id='word_1_275' title='bbox 0 0 1563 4584; x_wconf 95' lang='lat' dir='ltr'> </span> 
     </span>
    </p>
   </div>
  </div>
 </body>
</html>
