3109 4584
598 237 648 266 ,-.-
696 195 741 284 21
794 237 844 248 -

155 366 277 436 iuncti.
305 365 542 436 Consociatur
567 366 663 436 enim
688 365 1087 457 praesenshistoricum
1104 386 1187 449 cum
1202 386 1281 454 par·

153 482 262 550 ticula
302 485 454 569 ,quom‘,
493 478 635 565 ,etiamsi
676 478 711 547 in
751 479 933 551 enuntiato
967 477 1136 568 primario
1172 493 1282 545 exstat

153 612 295 683 tempus
326 592 571 684 praeteritum,
625 593 719 684 apud
763 592 918 671 comicos
957 592 1111 683 saepius.
1161 598 1280 681 Atque

154 708 311 799 Langius
350 707 497 798 quidem
533 724 650 794 censet
678 709 772 797 (pag.
805 709 838 795 4)
868 727 1033 797 praesens
1068 704 1277 773 historicum

156 823 262 913 poni,
297 822 326 889 si
364 844 405 890 ea
435 820 605 910 temporis
638 820 801 898 condicio
838 837 1024 906 statuatur,
1064 841 1174 911 quam
1213 842 1279 887 nos

155 937 280 1006 vocula
318 935 521 1020 ,wahrend‘
567 934 818 1025 significemus.
868 936 966 1004 Haec
1006 955 1089 1003 cum
1130 934 1175 1001 sit
1213 933 1279 1000 im-

155 1048 297 1140 perfecti
329 1065 494 1139 potestas,
532 1047 685 1130 videtur,
720 1048 748 1116 si
780 1030 928 1138 quidem
962 1047 1137 1138 Langium
1167 1046 1279 1135 sequi·

154 1184 248 1249 mur,
280 1184 448 1252 praesens
479 1162 688 1244 historicum
725 1179 841 1254 partes
880 1161 1073 1252 imperfecti
1099 1160 1279 1251 susci-perc

154 1299 278 1367 posse·
313 1276 409 1365 quod
434 1276 537 1365 plane
568 1297 677 1366 nego,
709 1275 822 1344 immo
852 1298 992 1366 semper
1024 1292 1076 1343 est
1101 1277 1177 1344 loco
1200 1296 1280 1365 per·

153 1389 233 1471 fecti
270 1389 443 1476 historici,
480 1389 580 1458 cuius
617 1405 826 1480 potestatem
857 1389 938 1457 inde
969 1412 989 1457 a
1021 1410 1100 1479 pag.
1140 1413 1180 1480 19
1218 1389 1280 1456 de-

153 1502 375 1592 scripsimus,
404 1502 649 1571 substitutum.
676 1501 858 1594 Significat
874 1502 969 1571 enim
994 1501 1170 1570 actionem
1186 1524 1279 1591 quae

152 1632 213 1683 aut
260 1616 385 1685 incidit
424 1617 573 1695 durante
612 1616 748 1685 actione
784 1616 951 1706 primaria
995 1616 1049 1685 vel
1092 1615 1275 1684 absoluta:

154 1731 248 1820 Cap
261 1748 286 1798 t.
315 1731 404 1821 887:
436 1731 507 1800 Sed
530 1731 741 1823 Stalagmus
756 1731 883 1822 quoius
900 1740 980 1799 erat
1005 1741 1087 1799 tunc
1107 1730 1277 1807 nationis,

152 1866 255 1934 quom
285 1845 364 1913 hinc
392 1844 493 1913 abit!
521 1845 655 1913 Merc.
691 1848 786 1934 617:
812 1845 897 1913 Jam
918 1842 1065 1912 addicta
1087 1854 1192 1936 atque
1221 1843 1278 1911 ab·

155 1959 261 2029 ducta
276 1969 370 2039 erat,
386 1980 488 2050 quom
512 1957 560 2026 ad
583 1968 729 2049 portum
746 1959 859 2027 venio.
887 1960 925 2027 M
937 1980 956 2026 e
968 1980 1004 2025 n.
1039 1957 1147 2026 1136:
1171 1956 1280 2025 Hunc

153 2072 312 2141 censebat
345 2082 378 2141 te
405 2093 489 2156 esse,
518 2071 637 2154 credo,
667 2060 770 2163 auom
799 2083 901 2140 vocat
932 2081 965 2140 te
992 2070 1041 2139 ad
1064 2070 1276 2161 prandium.

154 2186 244 2256 Ibid.
278 2189 394 2255 1115:
428 2186 524 2276 Quot
550 2208 633 2254 eras
657 2207 768 2254 annos
786 2195 923 2277 gnatus
944 2196 1018 2259 tum
1044 2207 1147 2277 quom
1169 2194 1278 2274 pater

151 2324 173 2368 a
202 2301 327 2391 patria
360 2310 394 2381 te
425 2296 576 2369 avehit?
606 2300 731 2390 Epid.
767 2321 862 2391 217:
897 2301 1009 2390 Quom
1050 2298 1097 2368 ad
1129 2309 1277 2389 portum

152 2414 251 2482 venio
274 2423 377 2504 atque
408 2435 474 2505 ego
499 2412 601 2482 illam
631 2412 692 2482 illi
713 2412 815 2481 video
832 2412 1113 2503 praestolarier,
1146 2422 1178 2479 et
1200 2434 1277 2503 eum

151 2548 190 2594 ea
214 2512 382 2595 tibicinae
410 2526 511 2595 ibant
537 2536 720 2618 quattuor.
762 2527 875 2595 Men.
911 2529 1025 2614 1054:
1063 2525 1117 2595 Ta
1145 2525 1277 2594 clama-

151 2661 228 2707 mas
255 2638 357 2708 deum
379 2639 485 2732 fidem
516 2650 619 2732 atque
646 2640 826 2711 hominum
855 2640 1037 2709 omnium:
1073 2662 1176 2732 quom
1211 2660 1277 2728 ego

150 2775 303 2822 accurro
331 2764 430 2846 teque
457 2754 575 2845 eripio
598 2756 637 2822 vi
661 2754 879 2846 pugnando,
916 2754 1104 2845 ingratiis.
1134 2757 1208 2822 Aut
1235 2775 1276 2820 ea

153 2867 274 2936 subest
304 2868 512 2958 temporalis
544 2868 633 2937 ratio
663 2869 706 2937 de
738 2891 811 2958 qua
841 2891 921 2963 pag.
955 2890 999 2937 eo
1024 2866 1272 2957 exposuimus:

151 2979 281 3070 Capt.
324 2982 416 3050 282:
469 2982 591 3050 Vivom
633 3005 736 3075 quom
784 2981 864 3051 inde
909 2983 1048 3051 abimus
1091 2980 1273 3071 liquimus.

150 3097 299 3185 Amph.
332 3096 427 3164 668:
460 3096 659 3165 Gravidam
688 3118 753 3189 ego
779 3096 888 3165 illanc
917 3096 974 3166 hic
998 3096 1141 3188 reliqui,
1173 3117 1276 3186 quom

150 3210 245 3278 abed.
273 3211 408 3280 Most.
449 3213 518 3278 25.·
554 3209 712 3278 Haecine
743 3209 928 3279 mandarit
958 3210 1039 3293 tibi,
1069 3232 1171 3301 quom
1190 3231 1275 3300 per-

150 3342 236 3412 egre
264 3322 345 3390 hinc
374 3322 405 3391 it
427 3345 542 3391 senex.
575 3321 715 3393 Stich.
748 3326 837 3391 510:
866 3322 984 3392 Vocem
1007 3344 1073 3414 ego
1097 3332 1130 3391 te
1152 3320 1200 3390 ad
1223 3344 1276 3390 me

149 3433 197 3502 ad
224 3456 354 3518 cenam,
376 3437 508 3526 frater
536 3448 616 3506 tuos
645 3437 683 3504 ni
710 3435 866 3506 dixisset
895 3437 1001 3519 mihi,
1046 3447 1079 3505 te
1114 3436 1211 3527 apud
1240 3460 1277 3505 se

149 3559 354 3617 cenaturum
388 3572 459 3619 esse
493 3550 613 3633 hodie,
657 3573 759 3642 quom
807 3574 859 3620 me
901 3549 949 3620 ad
991 3574 1028 3619 se
1064 3551 1112 3619 ad
1158 3572 1276 3619 cenam

148 3672 262 3731 vocat.
296 3664 400 3753 Quae
433 3687 514 3733 cum
544 3665 591 3734 ita
619 3665 702 3750 sint,
734 3664 822 3734 falso
862 3682 999 3755 praeter
1037 3686 1145 3754 quam
1175 3665 1272 3754 quod

149 3775 215 3844 hoc
255 3778 362 3845 etiam
395 3778 472 3846 aliis
514 3778 557 3847 de
594 3780 708 3848 causis
743 3797 894 3865 vetatur,
933 3779 1081 3849 Bothius
1114 3779 1271 3847 Pseud.

150 3889 213 3958 501
248 3909 314 3979 pro
348 3890 588 3975 ,mussitabas‘
625 3892 775 3962 coniecit
813 3892 1021 3977 ,mussitas‘.
1062 3894 1158 3963 Nam
1192 3914 1273 3959 cum

149 4003 215 4070 hoc
270 4003 422 4073 maxime
474 4005 552 4073 loco
604 4024 786 4096 prematur
840 4006 1011 4098 temporis
1067 4007 1273 4097 aequalitas,

150 4116 355 4207 imperfecto
385 4119 482 4187 locus
512 4137 565 4189 est
603 4119 794 4210 legitimus,
837 4142 907 4189 non
946 4121 1120 4210 praesenti
1163 4121 1274 4190 histo-

149 4230 221 4299 rico
252 4253 317 4320 pro
348 4233 501 4323 perfecto
530 4234 732 4303 substituto.
