3109 4584
699 264 742 274 ..
794 226 840 299 76
892 272 933 283 .-

256 392 417 462 absoluta
445 393 501 462 sit.
536 395 675 485 Itaque<
692 393 721 462 si
754 416 820 486 pro
847 394 965 465 futuro
991 396 1025 465 ll
1050 395 1211 467 futurum
1237 398 1378 489 larque

255 507 344 577 adeo
378 515 542 600 praesens
574 509 786 596 admittitur,
821 511 932 603 magis
959 513 1050 582 actio
1085 512 1160 604 ipsa
1193 515 1378 606 respicitur

256 644 343 690 num
371 622 443 710 liat,
473 646 581 714 quarn
602 644 701 716 'quae
731 625 777 694 sit
808 624 898 694 ratio
933 627 1138 718 temporalis
1159 628 1375 701 accuratior.

280 755 284 763 ’
345 738 421 809 Iam
453 738 664 830 priusquam
691 741 734 809 ad
763 740 871 810 finem
903 742 1128 832 perveniam,
1161 765 1274 811 unum
1303 743 1379 812 adi-

256 851 421 921 ciendum
458 852 544 923 mihi
576 852 727 923 videtur.
770 853 955 926 Meifartus
989 856 1086 925 enim
1128 856 1163 925 id
1204 855 1376 926 omnino¹

256 966 496 1036 demonstrare
525 968 671 1054 studuit,
710 969 846 1038 nullam
885 970 956 1040 fere
997 970 1232 1040 differentiam
1271 971 1377 1039 inter·

255 1079 379 1148 cedere
420 1079 511 1149 inter
549 1079 657 1148 futuri
687 1081 718 1149 ll
752 1097 786 1151 et
819 1081 929 1151 futuri
961 1082 976 1151 1
1010 1082 1044 1151 in
1075 1083 1266 1152 enuntiatis
1305 1083 1376 1175 pri·

256 1191 386 1261 mariis
413 1214 530 1262 usum.
568 1192 677 1284 Quod
716 1217 800 1263 cum
840 1195 883 1264 iis
924 1194 1102 1266 refellatur
1142 1219 1232 1287 quae
1270 1218 1376 1286 supra

256 1306 415 1399 exposui,
440 1324 516 1376 tum
542 1307 588 1377 ita
615 1310 643 1378 si
669 1310 748 1399 quis
773 1310 949 1398 iudicarit,
977 1334 1084 1381 nemo
1105 1333 1175 1380 non
1201 1310 1377 1402 intelleget

256 1435 433 1512 quantum
488 1420 626 1491 dicendi
682 1423 874 1511 varietatis,
926 1442 1101 1516 quantum
1161 1424 1375 1508 subtilitatis,

257 1551 429 1627 quantum
459 1535 612 1628 denique
640 1536 771 1627 gratiae
799 1538 857 1608 ille
890 1540 1017 1609 Plauto
1052 1539 1096 1608 sit
1131 1540 1373 1630 adempturus.

328 1803 339 1844 ¹
361 1802 404 1860 De
417 1801 509 1862 futuri
522 1802 616 1863 exacti
630 1821 688 1864 usu
704 1804 844 1865 Plautino
858 1807 959 1877 (lenae
979 1806 1063 1879 1885)
1079 1824 1106 1880 p.
1125 1806 1170 1865 23.

350 2650 428 2721 Hoc
444 2649 520 2720 loco
535 2648 647 2722 facere
664 2672 735 2718 non
752 2671 911 2739 possum,
936 2648 1021 2740 quin
1049 2648 1216 2739 profitear
1239 2666 1378 2736 semper

256 2762 346 2834 mihi
376 2763 427 2833 uti
459 2762 599 2833 licuisse
621 2764 664 2832 ad
690 2762 783 2832 hunc
810 2763 968 2833 libellum
994 2762 1252 2832 conficiendum
1272 2783 1377 2852 opera

256 2896 292 2948 et
319 2875 476 2948 consiliis
507 2894 775 2969 praeceptorum
809 2874 1130 2947 illustrissimorum
1166 2891 1200 2945 et
1232 2874 1379 2945 Reiffer-

258 2991 418 3078 scheidii,
440 3014 547 3083 quem
564 3014 658 3062 nunc
674 3008 787 3063 morte
810 2991 1041 3083 absumptum
1065 3014 1140 3062 esse
1155 2991 1382 3060 vehementer

259 3109 375 3202 lugeo,
401 3124 434 3178 et
462 3107 627 3177 Kaibelii.
656 3108 724 3178 His
748 3129 889 3200 semper
912 3129 977 3198 pro
1007 3130 1047 3176 ea
1071 3130 1142 3199 qua
1166 3128 1246 3176 mea
1263 3105 1380 3174 studia

258 3222 424 3315 regebant
446 3220 690 3302 benevolentia
713 3221 863 3312 gratiam
884 3220 1022 3290 habebo
1043 3241 1152 3310 quam
1174 3218 1377 3287 maximam.
