3109 4584
658 205 895 283 ..71-

670 496 781 568 CAP.
809 495 878 564 IV,

467 785 470 790 -
557 684 626 821 ‘Do
653 737 802 821 Futuro
831 743 982 820 exacto.

222 1015 226 1024 .
304 954 663 1023 Restantnonnullae
683 954 794 1024 futuri
818 955 853 1024 II
874 952 1121 1045 proprietates,
1142 950 1185 1021 de
1205 948 1344 1040 quibus-

215 1066 362 1138 seorsim
381 1066 569 1156 ,agendum
597 1066 673 1136 erit.
704 1071 826 1158 Atque
850 1088 932 1135 cum
955 1066 1009 1145 vel
1036 1063 1232 1133 doctissimi
1255 1060 1336 1145 viri,

214 1204 233 1249 e
249 1180 381 1272 quibus
399 1180 552 1253 nomino
568 1180 793 1270 Madvigium
807 1183 1059 1251 Hermannum
1079 1177 1336 1259 Luebbertum,

214 1294 328 1385 qualis
351 1312 443 1366 esset
465 1294 504 1365 fu
528 1296 598 1364 turi
622 1297 731 1365 exacti
757 1297 851 1388 apud
877 1295 1014 1389 priscos
1041 1294 1228 1385 scriptores
1253 1314 1340 1360 usus

215 1407 481 1498 anquisiverint,
508 1425 630 1479 ,tamen
647 1429 811 1499 ,operam
850 1432 920 1478 non
951 1409 1056 1503 plane
1091 1406 1178 1476 mihi
1216 1405 1341 1475 videor

214 1522 431 1614 perditurus,
463 1522 491 1591 si
521 1523 611 1591 hanc
634 1545 710 1593 rem
733 1524 884 1594 breviter
907 1524 1112 1594 retractabo,
1142 1523 1238 1592 Nam
1261 1543 1339 1611 pro·

215 1638 348 1707 laturus
379 1637 551 1706 nonnulla
588 1659 681 1722 sum,
715 1659 808 1727 quae
846 1654 907 1707 aut
944 1638 1047 1728 plane
1083 1636 1127 1705 ab
1160 1633 1230 1703 illis
1258 1648 1341 1701 sunt

216 1748 360 1832 omissa,
389 1765 454 1816 aut
482 1747 569 1816 mihi
601 1771 671 1817 non
701 1749 785 1817 satis
814 1749 858 1817 ad
890 1749 1068 1839 liquidum
1094 1747 1262 1837 perducta
1286 1745 1341 1812 vi-

215 1863 367 1943 dentur,
401 1859 528 1929 deinde
559 1859 595 1929 id
620 1860 778 1930 ,maxime
813 1882 896 1951 ag0,
928 1878 966 1929 ut
997 1882 1107 1952 quam
1145 1857 1341 1928 clarissime

215 1975 399 2066 quomodo
427 1974 545 2043 variae
575 1973 685 2043 futuri
716 1975 750 2044 ΙΙ
785 1975 947 2044 notiones
983 1997 1040 2043 exv
1060 1994 1130 2068 una
1169 1971 1340 2061 primaria

215 2089 284 2157 sint
306 2086 519 2157 derivandae
543 2104 731 2179 appareat:
765 2089 993 2178 quodquam
1020 2089 1066 2157 sit
1089 2108 1228 2157 necesse
1250 2084 1339 2153 infra

213 2205 431 2279 docebimus

302 2320 459 2391 Omissis
487 2321 597 2389 futuri
623 2320 884 2389 *exacti-formis
908 2322 1109 2407 contractis,
1138 2319 1340 2411 dequibus

214 2433 355 2524 copiose
401 2432 567 2501 disseruit
607 2433 843 2518 Luebbertus,
884 2433 927 2501 ad
971 2434 1057 2503 alias
1105 2427 1341 2525 proprietates

213 2566 448 2638 transeamus.
492 2550 611 2638 Atque
639 2549 956 2637 praemonendum
1003 2548 1141 2618 videtur
1179 2548 1341 2616 futurum

214 2678 374 2729 exactum
421 2661 515 2750 apud
563 2661 732 2731 Plautum
771 2680 833 2730 aut
879 2662 1041 2732 absolute
1088 2658 1157 2732 aut'
1196 2660 1340 2730 relative

213 2774 376 2865 usurpari
407 2797 523 2866 posse.
567 2775 634 2844 Illo
665 2778 773 2845 modo
798 2777 827 2845 si
860 2778 1062 2863 adhibetur,
1099 2777 1252 2845 eundem
1280 2796 1337 2842 ac·

212 2887 319 2956 tionis
356 2905 489 2957 statum
527 2889 658 2959 indicat
696 2890 800 2981 atque
832 2892 1027 2980 perfectum
1059 2881 1239 2984 logicum:
1272 2888 1341 2957 nisi

214 2998 311 3089 quod
338 2999 408 3068 hoc
437 2999 492 3067 ad,
509 3014 651 3090 tempus
680 3024 859 3091 praesens,
891 3001 979 3071 illud
1009 3002 1051 3072 ad
1077 3002 1238 3071 futurum
1264 3022 1340 3090 per·

214 3111 317 3181 tinetss.
343 3114 461 3207 Men.
494 3115 583 3203 2153
616 3114 764 3204 Quando
788 3114 854 3196 vis,
880 3117 984 3197 trent'3
1007 3126 1147 3206 parata
1171 3137 1229 3183 res
1253 3114 1338 3183 erit.

213 3230 349 3297 Most.
391 3228 602 3296 23521'1am
642 3230 713 3297 ista
757 3229 896 3320 quidem
932 3233 1119 3322 absumpta
1158 3253 1216 3300 res
1253 3231 1338 3299 erit.

216 3343 371 3413 Persa.
414 3342 510 3410 1352*
541 3342 653 3411 Immo
685 3343 797 3412 alium
827 3344 1043 3437 allegavero·
1087 3345 1201 3417 Cuius
1229 3344 1339 3414 futuri

214 3454 243 3521 si
284 3453 429 3544 plenam
466 3455 540 3523 vim
582 3456 776 3546 exprimere
810 3459 994 3544 volumus,
1030 3459 1079 3528 sic
1114 3478 1167 3529 est
1199 3477 1339 3529 verten-

214 3568 318 3637 dum:
349 3568 402 3638 icit
433 3569 548 3640 werde
575 3570 674 3640 einen
704 3571 881 3665 anstiften
908 3573 980 3643 und
1007 3574 1069 3642 >iim
1100 3574 1173 3643 mt'r
1203 3574 1240 3642 itt
1270 3574 1341 3641 Zu-

213 3682 320 3773 ltunst
350 3682 479 3766 hulten,
513 3683 629 3753 damt't
660 3705 757 3753 ern...

304 3796 386 3865 Huc
410 3794 585 3885 pertinent
609 3796 634 3866 ii
648 3797 726 3866 ioci
750 3798 883 3888 quibus
906 3798 1026 3870 futuro
1051 3819 1171 3870 exacto
1196 3817 1342 3870 eventus

211 3907 351 3977 iuturus
375 3908 425 3977 rei
455 3908 526 3983 iam
554 3910 664 3980 factae
694 3911 881 3982 indicetur.
925 3914 1071 3983 Accedit
1101 3915 1145 3982 ad
1179 3913 1341 4002 exempla

213 4045 232 4089 a
263 4023 465 4092 Luebberto
494 4047 529 4115 p.
566 4026 609 4093 85
640 4026 744 4093 allata
774 4027 914 4114 (Most.
948 4027 1034 4096 1113
1061 4047 1094 4096 et
1119 4029 1232 4097 Men.
1262 4028 1341 4114 521)

212 4136 355 4205 tertium
395 4139 495 4207 Aul.
539 4141 627 4229 578:
653 4141 752 4231 ¹Ego
780 4141 879 4232 saxo
917 4147 1126 4232 et'operum
1156 4152 1191 4210 et
1219 4141 1341 4221 vinum
