3109 4584
629 184 875 258 ...65-

189 358 369 427 enuntiata
408 354 682 426 condicionaiia·
702 356 739 424 in
778 355 910 445 quibus
957 356 1019 425 vix'
1056 357 1170 427 ullum
1219 357 1315 428 aliud

191 494 322 541 munus
351 470 597 540 coniunctivus
622 471 780 540 „habere
804 469 929 561 possit,
960 493 1070 562 quam
1098 490 1137 541 ut
1168 493 1234 563 pro
1259 472 1315 540 tu-

188 604 268 654 turo
298 588 513 674 usurpetur.¹
550 582 681 656 Subest
705 589 828 652 autem‘
853 604 991 673 semper
1017 586 1193 673 quaedam
1227 607 1312 653 con-

189 700 338 770 dicionis
361 701 405 768 ad
428 699 587 768 futurum
614 716 757 789 tempus
783 698 992 789 pertinentis
1019 699 1231 789 exspectatio
1259 699 1315 767 vel

188 816 285 884 fides.
327 814 413 887 Sine
447 813 558 883 dubio
583 830 675 883 recte
706 813 905 903 comparari
935 831 1084 903 possunt
1114 836 1155 883 ea
1174 820 1315 903 'graeca

188 928 368 997 enuntiata
390 926 647 996 conditionalia
673 949 765 1016 quae
789 926 941 997 habeant
961 926 1011 991 ἐάν
1038 949 1120 994 cum
1146 927 1315 996 coniunc-

187 1044 260 1112 tivo
299 1043 540 1112 coniunctum.
589 1040 659 1112 Sed
703 1041 948 1111 examinemus
989 1042 1174 1110 Plautinos
1217 1042 1315 1111 locos

186 1156 294 1245 ipsos.
328 1158 441 1226 Men.
475 1156 568 1224 503:
599 1157 755 1246 Aequom
783 1155 818 1224 si
836 1155 974 1246 facias,
1000 1155 1090 1224 mihi
1107 1154 1254 1225 odiosus
1268 1178 1310 1224 ne

185 1269 267 1337 sies.
309 1269 427 1338 ibid.
461 1272 551 1339 602:
592 1271 637 1338 Si
665 1271 816 1360 sapiam,
850 1269 930 1339 hinc
969 1269 1068 1338 intro
1098 1270 1218 1339 abeam
1253 1269 1314 1339 nbi

187 1382 281 1450 mihi·
305 1382 384 1450 bene
413 1384 474 1452 sit.
500 1384 545 1452 P.
570 1385 690 1464 Mane,
715 1383 805 1452 male
825 1385 898 1452 erit
914 1384 1049 1474 potins,
1078 1382 1190 1451 ibid.
1218 1382 1309 1473 983:

185 1495 269 1587 Ego
299 1496 353 1565 ita
389 1519 463 1578 ero,
505 1507 544 1565 nt
585 1519 637 1565 me
669 1519 740 1565 esse
770 1508 936 1587 oportet;
967 1497 1005 1565 id
1044 1498 1079 1565 si
1111 1494 1310 1580 adhibeam,

185 1610 322 1700 culpam
354 1612 561 1694 abstineam,
602 1634 664 1682 ero
693 1635 766 1681 meo
801 1622 840 1681 nt
866 1611 1028 1681 omnibns
1061 1612 1098 1680 in
1126 1610 1214 1679 Iocis
1242 1611 1311 1679 sim

178 1735 339 1813 praesto,
370 1736 521 1794 metuam
545 1725 641 1795 hand
672 1725 833 1794 multum.
866 1723 953 1795 Mil.
988 1725 1098 1816 glor·
1135 1724 1221 1815 293:
1253 1724 1311 1793 Ve-

185 1861 265 1906 rum
289 1839 380 1906 enim
405 1849 443 1907 tn
469 1841 589 1923 istam,
615 1840 649 1909 si
675 1849 708 1909 te
731 1839 772 1908 di
797 1850 926 1923 ament,
953 1850 1081 1908 temere
1105 1839 1173 1908 han
1203 1838 1312 1908 tollas

172 1951 355 2042 fabulam.
378 1953 591 2023 Ritschelius
607 1955 788 2024 adnotavit
809 1956 853 2024 ad
871 1955 966 2023 hunc
990 1954 1135 2021 locum:
1162 1960 1310 2039 ,amant‘

182 2067 311 2135 vitiose
344 2069 597 2151 Gronoviana,·
627 2070 758 2155 ,tolles‘
791 2071 978 2161 Gnyetns:
1011 2091 1052 2138 ex
1082 2091 1154 2158 quo
1181 2068 1312 2141 intelle·

182 2204 243 2272 gas
268 2183 334 2250 hoc
366 2183 467 2251 illum
496 2184 647 2253 sensisse
681 2207 748 2252 usu
780 2185 917 2275 vulgari
948 2183 1099 2274 flagitari
1134 2184 1307 2251 fututum.

182 2298 315 2365 Most.
351 2298 443 2388 370:
472 2298 570 2395 Qnid
601 2300 691 2368 mihi
719 2299 769 2369 sit
801 2300 894 2381 boni,
921 2300 955 2367 si
980 2297 1165 2367 mentiar?
1196 2300 1307 2368 Rud.

182 2415 280 2504 969:
313 2414 394 2482 Non
410 2416 529 2504 ferat,
554 2416 589 2483 si
612 2413 777 2483 dominns
800 2413 930 2483 veniat.

271 2530 328 2597 Ad
352 2529 445 2597 hunc
475 2529 591 2597 locum
617 2529 723 2597 etiam
748 2529 926 2619 pertinent
950 2551 991 2597 ea
1015 2528 1110 2619 apud
1139 2528 1309 2597 Plautum

182 2641 394 2710 creberrima
441 2642 623 2710 enuntiata
666 2642 924 2710 condicionalia
970 2663 1061 2732 quae
1105 2663 1310 2730 quanquam

182 2755 324 2824 alterius
355 2773 436 2824 sunt
469 2757 619 2847 generis,
651 2774 768 2826 tamen
801 2757 981 2826 notionem
1017 2756 1180 2825 irrealem
1210 2756 1306 2824 exhi-

182 2872 265 2940 bere
296 2870 500 2939 videantur:
532 2872 627 2942 Cas.
665 2873 748 2962 189:
774 2872 888 2940 Liber
911 2872 946 2939 si
967 2872 1050 2952 sim,
1077 2893 1151 2939 meo
1168 2870 1310 2961 periclo

181 2987 309 3068 vt'vam,
336 3009 425 3054 nnnc
447 2988 527 3055 nivo
552 2997 623 3056 tuo.
666 2987 794 3076 Capt.
823 2988 910 3077 596:
947 2989 999 3055 At
1025 2986 1102 3076 pol,
1130 2997 1163 3054 te
1186 2987 1220 3054 si
1254 2986 1311 3055 hic

181 3101 303 3190 sapiat
325 3123 441 3183 senex,
469 3101 542 3191 pix
563 3112 648 3170 atra
672 3101 791 3191 agitet
818 3100 914 3191 apud
947 3102 1158 3189 carnuficem
1186 3110 1310 3191 tuoque

181 3215 295 3306 capiti
327 3215 491 3285 inluceat.
528 3217 642 3285 Ibid.
674 3216 763 3285 632:
800 3217 920 3284 Meam
946 3238 1020 3285 rem
1045 3237 1112 3284 non
1136 3238 1249 3297 cures,
1276 3216 1310 3284 si

182 3339 275 3398 recte
296 3330 434 3421 facias.
478 3330 633 3400 Bacch.
670 3332 780 3421 1039:
829 3331 956 3399 Verum
990 3341 1030 3399 ut
1063 3352 1127 3420 ego
1166 3330 1307 3420 opinor,

181 3446 215 3512 si
247 3466 313 3536 ego
345 3446 381 3513 in
395 3427 502 3514 'istoc
534 3446 602 3515 sim
633 3446 721 3528 loca,
756 3446 834 3516 dem
875 3446 1001 3537 potins
1038 3467 1167 3514 aurum
1205 3467 1309 3535 qnam

183 3558 285 3627 illum
309 3561 496 3650 corrumpi
517 3561 645 3629 sinam.
677 3542 806 3628 Trin.
837 3583 925 3651 217:
955 3559 1059 3651 Quod
1080 3560 1115 3626 si
1137 3559 1308 3650 exquira-

100 3714 104 3721 ·
182 3682 245 3741 tar
268 3695 373 3765 nsque
395 3675 440 3742 ab
462 3674 578 3764 stirpe
605 3675 820 3760 auctoritas,
852 3675 943 3745 unde
971 3673 1122 3765 quidque
1145 3671 1308 3741 auditum

182 3786 326 3869 dicant‚·
351 3790 423 3857 nisi
447 3788 486 3858 ta
508 3801 693 3880 appareat,
726 3791 989 3883 famigeratori
1013 3811 1071 3857 res
1094 3789 1145 3855 sit
1177 3788 1307 3854 damno

183 3912 224 3970 er
246 3902 364 3970 malo:
394 3902 456 3971 hoc
483 3903 517 3971 si
546 3905 599 3971 ita
609 3904 699 3997 fiat,
718 3904 864 3994 publico
882 3904 954 3995 fiat
979 3902 1079 3984 bono,
1104 3902 1212 3991 pauci
1235 3899 1309 3967 sint

253 4133 264 4173 ¹
285 4131 330 4188 Cf.
348 4131 552 4204 Luebbertun,
566 4133 625 4190 vol.
642 4133 681 4206 11,
698 4149 762 4207 pag.
781 4133 843 4189 135.
