3109 4584
591 205 835 278 ..49-

153 378 209 446 bis.
244 376 299 446 ich
329 375 579 468 durchgeleseu
616 376 724 445 ltoben
747 376 874 458 werde,
902 375 949 443 ita
975 392 1013 443 ut
1040 376 1132 443 vices
1162 393 1279 466 ageret

151 508 318 580 praesens
351 491 461 559 futuri
493 491 615 575 exacti,
650 513 721 559 non
752 490 862 558 futuri
899 491 927 558 Ι.
968 494 1015 560 At
1049 508 1276 559 tamencum

150 622 256 695 grave
293 605 484 673 intercedat
523 603 712 673 discrimen
752 604 843 671 inter
879 603 969 671 hoc:
1008 604 1094 671 hore
1129 603 1183 671 bis
1219 602 1275 672 ich

150 717 401 808 durchgelesen
437 719 552 787 haben
590 719 720 801 werde,
757 737 791 786 et
814 717 930 785 illud:
976 716 1030 784 bis
1063 717 1125 786 ich
1148 718 1278 786 durch·

152 832 474 923 lesesignificatio
508 832 655 900 actionis
688 831 860 921 perfectae
893 830 1042 898 minime
1076 849 1128 898 est
1160 833 1278 922 negle-

150 947 276 1038 genda.
304 945 427 1034 Quare
451 946 709 1015 cumvminime
733 946 843 1015 futuri
861 947 968 1015 exacti
987 946 1085 1015 notio
1110 934 1151 1014 ex
1175 968 1278 1036 prae-

150 1060 238 1129 senti
264 1060 340 1129 elici
365 1061 489 1150 possit,
515 1083 557 1129 ne
583 1060 793 1152 significatio
826 1060 973 1150 quidem
1000 1060 1081 1145 ‚bis‘
1107 1060 1162 1129 his
1190 1061 1276 1128 locis
1334 1102 1337 1107 <

150 1173 438 1263 deprehenditur,
475 1177 535 1242 sed
581 1199 632 1260 ‚so
665 1174 766 1266 lange
801 1174 878 1243 als‘.
907 1177 1025 1245 Nemo
1057 1194 1141 1241 vero
1181 1175 1275 1265 cogi-

149 1287 237 1355 tabit
276 1290 318 1357 de
356 1288 608 1378 significatione
649 1289 729 1373 ‚bis
771 1291 909 1358 Merc.
945 1310 1010 1357 20:
1057 1288 1161 1355 Nunc
1191 1286 1275 1356 dum

149 1401 244 1470 lubet
267 1402 425 1493 licetque,
457 1414 555 1493 poto.
592 1403 756 1472 Pseud.
790 1404 902 1472 1126:
939 1403 976 1471 S.
1012 1404 1138 1469 lomne
1172 1400 1274 1469 illum

148 1539 368 1585 comessurus
396 1516 463 1585 es?
492 1518 534 1585 B.
561 1518 654 1585 Dum
680 1538 798 1585 recens
829 1527 892 1598 est,
924 1515 1006 1584 dum
1037 1515 1156 1596 dotat,
1190 1514 1273 1583 dum

148 1631 250 1713 calet,
276 1631 447 1700 deuorari
469 1631 577 1700 decet.
604 1632 717 1701 Aliter
742 1631 888 1699 fortasse
914 1631 1144 1699 iudicandum
1162 1648 1213 1699 est
1230 1630 1272 1699 de

147 1766 251 1812 versu
275 1749 341 1815 As.
368 1746 451 1832 463,
478 1746 539 1834 qui
562 1745 597 1812 in
622 1744 863 1813 Ritscheliana
884 1744 1037 1813 editione
1054 1744 1103 1812 sic
1122 1745 1269 1835 legitur:

148 1859 304 1927 Credam
318 1860 409 1952 fore
433 1859 516 1929 dum
549 1858 688 1950 quidem
723 1859 821 1948 ipsus
855 1859 891 1927 in
916 1881 1020 1926 manu
1044 1859 1163 1926 habeo.
1202 1856 1270 1929 Sed

147 1973 175 2041 si
201 1994 278 2040 rem
294 1974 479 2042 metricam
500 1974 722 2062 respicimus,
748 1971 848 2040 mihi
862 1972 990 2061 potius·
1004 1993 1086 2038 cum
1110 1969 1272 2040 Acidalio

146 2103 180 2152 et
215 2085 440 2155 Fleckeiseno
479 2084 842 2176 legendum-videtur
876 2084 950 2150 sic:
993 2083 1148 2152 Credam
1181 2083 1272 2173 fore

144 2198 228 2266 dum
253 2197 391 2289 quidem
412 2199 449 2267 t‘n
473 2221 577 2266 mauu
603 2198 676 2287 lpse
700 2198 840 2278 ltobebo,
871 2196 967 2286 quod
1002 2178 1102 2264 idem*
1128 2194 1272 2284 praebet

148 2316 206 2397 Bt,
232 2313 301 2381 nisi
325 2314 422 2403 quod
447 2311 701 2402 transpositum
725 2328 787 2379 est·
802 2312 889 2400 ,ipse
921 2312 956 2379 in
993 2315 1128 2377 manu‘.
1164 2311 1273 2377 Recte

147 2442 265 2495 autem
306 2424 484 2514 Langium
531 2423 825 2516 significationem
864 2423 946 2507 ‚bis‘
995 2421 1271 2511 deprehendisse

146 2557 233 2628 puto
261 2540 365 2607 Rud.
393 2541 474 2630 879,
507 2539 639 2627 Epid.
667 2539 736 2608 633
763 2537 871 2625 (6ι8),
904 2538 1037 2604 Most.
1072 2536 1154 2620 683,
1187 2536 1271 2626 687,

148 2654 261 2723 Rud.
289 2654 371 2744 773,
398 2656 535 2722 Poen.
564 2654 632 2743 786
657 2653 760 2743 (776).

233 2774 350 2858 Atque
374 2769 446 2836 iam
469 2789 575 2856 supra
599 2766 754 2834 vidimus
781 2766 1025 2856 cognationem
1055 2765 1147 2833 inter
1170 2787 1271 2853 prae·

146 2905 225 2950 sens
256 2899 289 2950 et
317 2883 478 2950 futurum
509 2882 721 2950 intercedere
756 2899 888 2964 artam3
922 2879 1086 2948 facillime
1117 2898 1201 2947 veto
1234 2878 1272 2945 fit

146 3013 185 3062 ut
216 3017 382 3086 praesens
411 3016 475 3084 pro
507 2994 625 3061 futuro
657 3010 810 3084 ponatur
842 2993 876 3060 in
915 2990 1106 3061 enuntiatis
1146 2991 1272 3059 condi·

145 3107 353 3176 cionalibus.
390 3107 502 3196 Quod
539 3131 579 3175 ea
612 3129 716 3175 causa
745 3107 884 3192 nititur,
920 3108 1016 3196 quod
1049 3107 1098 3175 rei
1123 3106 1271 3174 alicuius
1310 3132 1311 3135 ¹

145 3245 235 3311 quae
259 3221 470 3313 cogitatione
494 3222 603 3289 modo
628 3221 781 3310 fingatur
805 3238 1043 3309 ponaturque,
1069 3220 1158 3288 ratio
1182 3237 1270 3288 tem-

145 3334 277 3423 poralis
312 3332 430 3403 minus
464 3335 715 3405 estdilucida.
754 3335 854 3402 Illius
880 3335 1019 3425 generis
1043 3358 1125 3403 cum
1150 3335 1271 3403 omnia

145 3446 216 3515 fere
255 3449 414 3538 exempla
452 3436 666 3538 congesserit
704 3449 1029 3534 Rothheimerus¹‚
1061 3467 1178 3517 tamen
1205 3450 1270 3517 hoc

145 3563 233 3631 mihi
268 3584 339 3630 non
374 3561 458 3629 satis
495 3580 585 3630 recte
626 3563 747 3631 fecisse
788 3563 939 3631 videtur.
995 3563 1085 3631 Mihi
1124 3563 1269 3652 quidem

145 3673 327 3762 quaerenti
367 3672 549 3762 quomodo
590 3673 699 3757 fieret,
734 3690 772 3740 ut
802 3673 839 3740 in
878 3668 1008 3762 protasi
1048 3696 1113 3763 pro
1152 3672 1270 3741 futuro

144 3808 313 3876 praesens
342 3786 597 3869 admitteretur,
629 3788 719 3856 duae
749 3787 902 3855 maxime
928 3787 1079 3855 rationes
1109 3808 1270 3855 occurre·

144 3996 358 4007 Ἡ
