3109 4584
628 198 874 272 ,61-

188 369 321 460 aliquid
351 369 526 438 iacturum
557 372 644 439 velle
677 371 832 440 indicet:
866 375 980 443 Plat.
1015 399 1131 469 resp.
1158 383 1227 470 457
1257 383 1308 453 C:

186 475 345 576 nimii,
380 475 450 568 ἴδω,
480 485 548 576 ἔφη.
583 486 651 556 Cui
684 486 810 555 rationi
848 489 950 577 plane
981 493 1170 579 respondet
1203 495 1309 562 Plau-

187 599 259 666 tina
293 598 371 666 illis*
401 597 548 688 quidem
593 599 689 667 locis.
732 601 865 671 Contra
903 602 1028 671 dubito
1063 628 1149 673 num
1182 608 1308 676 eodem

187 715 294 782 modo
318 712 563 781 coniunctivus
590 713 819 802 explicandus
849 715 894 782 sit
924 718 1032 786 Rud.
1066 721 1157 788 580:
1191 721 1309 792 Eluas

186 848 231 894 un
274 848 469 916 exungare,
515 825 644 893 ciccum
689 849 757 895 non
802 829 1006 899 interduim.
1057 833 1174 902 Trin.
1220 860 1306 927 994:

187 940 352 1008 Ceterum
387 939 448 1030 qui
475 939 528 1006 sis
554 941 616 1030 qui
647 962 713 1008 non
744 941 809 1022 sis,
840 942 969 1011 ciccum
1001 968 1068 1013 icon
1099 947 1304 1017 z'nterduim.

188 1055 294 1123 Recte
318 1053 463 1144 quidem
488 1052 617 1142 aliquis
647 1054 809 1139 miretur,
841 1077 903 1123 cur
931 1056 966 1125 in
1000 1058 1065 1126 hoc
1098 1082 1224 1149 genere
1253 1062 1308 1130 di-

186 1167 286 1235 cendi
312 1166 430 1233 minus
455 1166 566 1256 polito
592 1167 801 1237 adhibeatur
831 1169 888 1238 ille
920 1172 1046 1241 modus
1082 1173 1144 1263 qui
1174 1175 1309 1266 mitiget

186 1281 258 1348 vim
283 1279 452 1348 orationis
477 1280 722 1348 coniunctivus
747 1283 960 1371 potentialis.
1000 1285 1069 1357 Sed
1102 1287 1190 1356 hanc
1220 1288 1307 1357 mibi

185 1397 308 1465 videor
337 1417 480 1462 causam
517 1417 638 1463 veram
675 1395 830 1486 proferre
868 1422 982 1490 posse,
1018 1404 1113 1491 quod
1146 1405 1189 1472 ad
1223 1428 1306 1474 con·

185 1510 382 1578 iunctivum
415 1510 622 1600 ponendum
670 1510 779 1578 valuit
816 1535 906 1602 quae
936 1515 1077 1604 saepius
1114 1517 1147 1585 in
1177 1539 1306 1608 genere

187 1625 353 1694 Plautino
384 1623 522 1692 dicendi
556 1641 700 1714 apparet
734 1626 787 1693 vis
809 1626 1088 1697 assimilationis.

273 1742 348 1807 lam
383 1755 420 1806 ut
453 1739 496 1805 ad
535 1737 713 1806 enuntiata
753 1741 960 1809 secundaria
998 1761 1229 1829 transeamus,
1270 1746 1305 1814 id

184 1856 335 1925 maxime
360 1871 410 1923 est
434 1854 630 1921 cavendum
665 1876 708 1922 ne
742 1854 957 1924 coniunctivi
991 1857 1076 1925 tales
1102 1858 1163 1948 qui
1190 1878 1305 1928 struc-

182 1989 261 2039 tura
285 1969 623 2058 enuntiatorumque
647 1968 896 2038 coniunctione
930 1968 1136 2057 efficiantur,
1173 1996 1237 2062 pro
1263 1975 1304 2043 iis

183 2084 381 2153 habeantur
404 2082 464 2170 qui
490 2080 583 2147 vices
608 2098 712 2170 agant
741 2080 923 2148 indicativi
958 2081 1078 2152 futuri.
1121 2084 1190 2155 Sed
1224 2105 1305 2156 sunt

182 2216 294 2266 certae
320 2195 473 2263 rationes
503 2217 544 2262 ex
577 2194 707 2283 quibus
740 2213 874 2262 certum
907 2196 970 2263 hac
999 2197 1034 2264 in
1053 2207 1104 2266 're
1135 2198 1304 2268 iudicium

182 2310 349 2401 consequi
385 2309 509 2400 possit.
540 2311 634 2378 Nam
660 2308 809 2377 omnino
834 2308 869 2376 id
895 2311 1059 2379 contendi
1085 2331 1198 2401 potest
1221 2336 1304 2384 con-

183 2426 393 2510 iunctivum‚
412 2424 474 2493 etsi
502 2446 604 2513 saepe
627 2422 881 2491 assimilatione
900 2442 1074 2510 nascatur,
1091 2443 1209 2496 tamen
1230 2451 1303 2497 ma·
1339 2511 1342 2515 .

180 2541 273 2608 xime
297 2540 333 2608 in
358 2539 400 2606 iis
425 2537 631 2621 enuntiatis,
656 2560 745 2626 quae
771 2538 922 2606 habeant
945 2561 1088 2607 sensum
1114 2539 1302 2611 futuralem

182 2650 573 2722 inveniri..Ordiamur·
593 2651 636 2719 ab
661 2651 854 2720 enuntiatis
882 2654 1151 2741 temporalibus.
1185 2659 1302 2746 Atque

182 2768 337 2857 Langius
361 2767 507 2857 quidem
531 2766 616 2834 locis
640 2765 816 2856 congestis
839 2766 1093 2835 demonstravit
1115 2771 1150 2856 (a
1174 2792 1209 2859 p.
1231 2769 1302 2858 37),

181 2880 403 2950 enuntiatum
428 2879 620 2969 temporale
639 2875 695 2947 'ad
724 2880 884 2947 futurum
915 2897 1054 2970 tempus
1086 2899 1246 2972 spectans
1272 2882 1300 2949 si

180 2993 348 3082 penderet
388 3013 429 3057 ex
464 2990 644 3059 enuntiato
686 2990 896 3058 secundario
921 2991 1017 3079 quod
1055 2992 1302 3061 haberctcon-

180 3105 388 3186 iunctivum,
428 3126 531 3192 saepe
572 3120 605 3170 et
643 3102 761 3191 ipsum
809 3103 1075 3171 coniunctivum
1113 3104 1300 3191 exhibere3

179 3236 284 3310 atque
309 3241 447 3308 semper
461 3218 621 3307 quidem,
639 3216 667 3283 si
687 3216 916 3285 intercederet
933 3217 1024 3286 inter
1047 3237 1163 3307 partes
1188 3243 1301 3289 enun-

177 3334 252 3402 tiati
292 3332 503 3411 secundarii.
543 3354 646 3422 saepe
683 3349 816 3416 autem,
855 3331 882 3398 si
924 3350 1140 3421 sequeretur.
1185 3335 1300 3404 Nobis

179 3464 346 3515 restatur
379 3446 559 3514 nonnullis
589 3438 757 3537 exemplis
792 3446 989 3516 accuratius
1017 3446 1301 3517 demonstremus

178 3562 267 3630 hanc
315 3560 606 3629 assimilationem
655 3560 828 3650 proficisci
875 3583 915 3629 ex
954 3561 1162 3651 cognatione
1210 3584 1300 3652 quae

176 3676 296 3744 futuro
335 3675 516 3744 intercedit
552 3697 634 3742 cum
673 3674 909 3743 coniunctivo.
961 3676 1039 3743 Hoc
1080 3698 1119 3743 ea
1165 3698 1200 3743 re
1239 3675 1299 3744 de·

177 3807 405 3872 monstratur,
440 3791 535 3880 quod
561 3790 597 3857 in
629 3789 819 3857 enuntiatis
844 3789 1098 3878 temporalibus
1129 3789 1172 3856 ad
1199 3811 1299 3878 prae-

175 3906 318 3974 teritum
358 3922 497 3993 tempus
544 3903 782 3994 spectantibus
830 3902 1088 3972 assimimilatio
1136 3926 1206 3970 non
1246 3903 1297 3989 fit,

175 4019 238 4089 etsi
298 4021 441 4087 eaedem
492 4016 718 4086 condiciones
766 4017 884 4085 adsint
934 4039 1024 4106 quae
1085 4040 1105 4086 a
1161 4017 1297 4108 Langio

175 4151 256 4202 sunt
293 4132 476 4201 indicatae.
519 4134 612 4201 Nam
648 4130 677 4199 si
723 4131 876 4200 maxime
914 4130 1159 4200 coniunctivus
1198 4152 1297 4220 repe-
