3109 4584
732 173 978 248 ⁴42..

286 347 595 437 quamperfectum
620 346 695 414 sine
724 345 860 414 ratione
892 346 1050 435 ponitur,
1082 363 1251 438 quaeest
1274 367 1315 414 ex
1340 345 1417 414 dia·

288 459 359 552 logi
389 476 514 528 natura
538 458 739 549 repetenda.
773 460 870 528 Nam
894 479 977 526 cum
1001 459 1164 552 dialogus
1189 480 1250 550 per
1274 476 1415 550 tempus

289 576 468 667 procedat,
511 575 548 642 fit
585 591 624 643 ut
651 597 711 643 eae
742 596 797 643 res
830 596 920 664 quae
949 572 1072 663 vpriore
1102 574 1223 664 aliquo
1256 591 1415 664 tempore

287 688 402 757 factae·
433 688 494 756 vel.
525 687 640 757 dictae
670 705 752 755 sunt
794 687 864 755 sint
907 687 1133 778 praeteritae,
1172 711 1254 758 curn
1291 711 1415 758 earum

286 821 447 895 tempore
475 803 669 895 posteriore
698 803 735 871 fit
766 801 911 871 mentio.
944 807 1062 893 Atque
1094 803 1124 872 is
1156 803 1225 895 qui'
1243 803 1413 894 loquitur,

287 917 318 986 si
365 917 430 986 hoc
480 916 675 1006 exprimere
717 915 794 983 vult
842 914 990 983 omnino
1036 915 1172 1005 aliquid
1218 916 1262 985 ad
1306 915 1415 985 dialo-

286 1053 374 1122 gum
407 1030 587 1122 pertinens
622 1052 697 1098 esse
713 1029 971 1119 praeteritum,
1016 1028 1171 1120 perfecto
1200 1029 1311 1098 utitur
1344 1031 1413 1113 vel,

288 1142 386 1233 quod
423 1164 458 1231 p.
499 1154 539 1232 ¹0
569 1138 811 1232 exposuimus,
843 1139 1039 1229 praesenti:
1077 1140 1274 1208 sinautem
1299 1141 1413 1231 expri-

288 1255 459 1324 mendum
488 1272 554 1339 est,
585 1254 719 1344 aliquid
750 1254 794 1323 ab
826 1275 867 1321 ea
897 1274 933 1322 re
956 1275 1053 1343 quae
1084 1275 1248 1343 praesens
1281 1271 1335 1321 est
1366 1253 1414 1321 lo·

286 1367 409 1458 quenti
441 1390 513 1435 non
541 1366 700 1458 proxime
724 1366 859 1450 abesse,
892 1366 952 1434 sed
982 1365 1069 1434 alias
1099 1364 1142 1434 ad
1174 1364 1305 1456 dialogi
1325 1382 1414 1433 'tem-

288 1505 355 1572 pus
386 1481 599 1571 pertinentes
623 1504 678 1550 res
711 1503 788 1549 esse
816 1480 1029 1563 interiectas,
1055 1477 1217 1569 quamvis
1255 1501 1326 1547 non
1356 1502 1414 1547 ex·

288 1597 418 1689 pressis
458 1596 574 1666 verbis
621 1619 662 1667 eo
705 1594 785 1687 ipso
829 1596 905 1663 loco
951 1611 1292 1679 commemorentur,
1337 1595 1414 1662 iure

289 1708 675 1801 plusquamperfectum
686 1708 886 1778 adhibetur.
902 1707 1012 1797 Quod
1028 1707 1228 1776 cuiusmodi
1242 1708 1287 1776 sit
1298 1725 1337 1777 ut
1347 1709 1413 1776 cla-

289 1823 362 1891 rius
388 1839 468 1891 ante
487 1824 614 1892 oculos
640 1840 806 1913 ponatur,
839 1844 951 1890 unum
986 1821 1180 1889 alterumve
1210 1822 1413 1910 exemplum

286 1936 484 2005 accuratius
529 1936 558 2004 si
599 1937 712 2027 placet
743 1936 1020 2005 consideremus.
1064 1936 1198 2004 Most.
1235 1939 1334 2027 519:
1356 1941 1413 2005 An

285 2074 414 2143 quaeso
457 2062 495 2120 tu
544 2048 822 2143 appellaveras?
880 2050 1152 2141 Theopropides
1202 2072 1294 2121 vers.
1346 2055 1411 2141 517

288 2165 508 2233 Tranionem
537 2167 711 2255 appellat3
734 2165 864 2234 deinde
896 2165 1192 2235 intercedentibus
1222 2166 1264 2234 iis
1296 2166 1413 2235 verbis

287 2301 379 2369 quae
415 2278 641 2348 continentur
678 2258 972 2369 versJ517-519
1002 2277 1138 2347 Tranio
1166 2279 1324 2368 quaerit:
1367 2301 1412 2347 an

286 2413 420 2484 quaeso
439 2400 477 2458 tu
502 2391 768 2481 appellaveras?
795 2391 882 2459 Tria
908 2391 1014 2479 igitur
1037 2390 1209 2482 temporis
1234 2409 1413 2460 momenta

286 2503 437 2572 discerni
468 2521 636 2593 possunt:
668 2522 809 2596 tempus
839 2528 910 2595 quo
941 2504 1141 2595 appellatur
1169 2505 1322 2592 Trani03
1352 2507 1413 2575 de·

289 2618 371 2686 inde
394 2635 535 2709 tempus
559 2619 596 2686 in
621 2621 717 2709 quod
740 2619 900 2689 incidunt
921 2619 1028 2689 verba
1044 2642 1074 2687 a.
1095 2640 1184 2688 vers.
1206 2622 1272 2711 517
1300 2643 1412 2711 usque

286 2733 344 2800 ad.
362 2754 396 2799 v.
416 2735 483 2822 519
499 2732 728 2822 pertinentia3
747 2732 902 2822 denique
917 2750 1057 2822 tempus
1071 2755 1143 2823 quo
1154 2734 1288 2803 Tranio
1299 2734 1412 2803 Theo·

289 2845 476 2937 propidem
491 2846 693 2938 interrogat.
712 2853 830 2937 Atque
848 2847 908 2916 illa
919 2864 1100 2915 momenta
1117 2869 1200 2915 cum
1218 2847 1324 2916 ambo
1344 2849 1414 2917 sint

289 2960 489 3051 praeterita,
515 2964 665 3030 alterum
689 2963 788 3031 alteri
815 2963 1003 3053 praecedit.
1038 2964 1145 3032 Recte
1173 2962 1281 3050 igitur
1303 2961 1412 3052 priori

289 3090 472 3143 momento
502 3073 732 3164 significando
765 3075 890 3167 obtigit
918 3073 1316 3166 plusquamperfectum.
1349 3078 1414 3144 At·

288 3211 358 3277 que
407 3188 473 3259 hoc
526 3189 671 3278 quidem
720 3191 798 3259 loco
851 3212 1059 3281 quanquam
1110 3189 1305 3278 perfectum
1359 3190 1413 3256 vel

289 3301 535 3391 imperfectum
581 3303 625 3371 ad
671 3303 767 3392 quod
814 3302 985 3371 referatur
1026 3301 1412 3392 plusquamperfectum

290 3438 361 3484 non
380 3417 495 3500 adest,
516 3434 633 3486 tamen
658 3418 756 3486 adest
780 3440 834 3485 res
859 3434 1072 3507 antequam
1097 3438 1187 3505 quae
1210 3415 1413 3506 plusquam·

289 3529 441 3620 perfecto
470 3530 698 3600 continentur
728 3531 799 3600 sint
831 3532 934 3600 facta.
970 3531 1081 3600 Plane
1113 3553 1197 3599 veto
1224 3531 1303 3600 talis
1335 3531 1413 3600 sub·

290 3643 523 3734 intellegenda
564 3661 616 3713 est
659 3646 749 3714 actio
788 3644 884 3713 Mil.
923 3644 1039 3736 glor.
1082 3643 1191 3730 1346:
1231 3644 1284 3711 P:
1318 3642 1415 3736 Quid

290 3757 382 3825 istuc
411 3768 462 3825 est
486 3755 658 3847 negotii?
693 3760 749 3827 P:
779 3759 932 3828 Animus
964 3758 1051 3827 hanc
1075 3757 1178 3827 modo
1203 3758 1411 3855 reliquerat.

290 3871 353 3938 Est
394 3869 491 3937 enim
537 3868 586 3937 sic
625 3869 942 3961 interpretandum,
986 3872 1196 3961 priusquam
1234 3872 1414 3962 Pyrgopo·

289 3981 413 4051 linices
429 3980 696 4073 interrogaverit
711 3984 798 4074 quid
815 4001 905 4053 esset
924 3984 1072 4075 negotii,
1097 3985 1168 4053 iarn
1194 3984 1414 4055 Philocoma-

290 4094 370 4162 sion
406 4094 619 4183 resipivisse.
666 4096 789 4186 ltaque
817 4098 1167 4189 plusquamperfecto
1199 4098 1413 4189 ‚reliquerat‘
