3109 4584
720 176 966 249 ..50-

280 358 393 426 bant.¹
422 355 546 425 Unum
570 374 680 444 genus
704 349 884 418 invenitur
901 350 1085 419 dumtaxat
1102 351 1136 418 in
1153 351 1286 440 protasi
1304 375 1407 443 nega-

279 471 364 554 tiva,
380 469 408 537 si
426 465 612 537 celeritatis
634 463 885 554 significandae
900 485 1004 533 causa
1020 486 1186 555 praesens
1204 467 1405 535 adhibetur.

280 586 462 676 Exaequat
486 601 607 653 autem
632 601 800 671 praesens
822 578 1047 668 particulam,
1074 580 1235 661 ,statim‘
1261 581 1332 651 fere
1356 581 1408 649 fu·

278 719 360 769 turo
384 697 578 767 adiectam:
610 695 764 784 Amph.
793 693 882 780 354:
909 693 997 762 Nisi
1019 704 1177 763 actutum
1206 694 1287 764 hinc
1315 695 1406 776 ubis,

269 809 496 907 familiaris,
515 807 793 899 accipierefuxo
809 805 905 875 haud
910 806 1176 897 familiariter.
1203 809 1300 876 Aul.
1319 811 1408 895 644:

280 932 396 1018 Atque
411 925 451 995 id
464 946 595 1016 quoque
611 922 773 1014 temptet,
791 920 1006 1012 nisifatere.
1034 927 1066 990 A
1077 943 1114 989 m
1124 944 1147 1012 p
1159 924 1194 990 h.
1209 923 1277 991 852
1292 949 1299 989 ε
1317 923 1407 991 Jube

281 1040 333 1108 sis
349 1061 402 1107 me
416 1037 555 1107 exsolve
577 1036 670 1118 cito;
692 1057 771 1102 num
790 1033 829 1102 ni
842 1056 908 1124 ego
925 1034 1102 1116 easalvor,
1121 1035 1192 1103 iam
1209 1035 1409 1126 manufesto

282 1152 453 1222 hominem
469 1149 659 1241 opprimet.
687 1148 724 1216 M
738 1168 825 1216 erc.
859 1148 939 1215 168:
964 1147 1098 1216 Hercle
1113 1170 1196 1216 uero
1210 1148 1409 1238 vapulabis

284 1266 356 1335 uisi
371 1265 443 1333 iam
457 1263 601 1354 loquere
622 1272 686 1329 aut
709 1260 790 1329 hinc
809 1259 900 1328 abis.
927 1259 1061 1330 Cure.
1086 1275 1179 1351 720:
1215 1261 1269 1328 Tu
1294 1272 1413 1329 aretem

286 1386 322 1453 in
338 1403 443 1452 nervo
461 1381 533 1449 ium
551 1379 692 1459 iacebis,
710 1377 783 1446 nisi
802 1378 853 1445 mi
868 1388 1057 1468 urgeretum
1076 1377 1257 1447 redditur.
1290 1377 1411 1446 lbid.

286 1498 376 1587 723:
404 1493 487 1586 Ego
513 1504 546 1561 te
569 1492 606 1561 iu
631 1513 785 1572 nervom,
812 1511 879 1559 non
900 1489 949 1559 ud
965 1500 1174 1580 praetorem
1201 1490 1355 1580 rapiam,
1375 1490 1415 1556 ui

284 1617 473 1700 argeutum
492 1605 620 1696 refers.
640 1606 792 1673 Persa.
816 1627 900 1691 142:
919 1606 1034 1696 Atque
1051 1604 1124 1673 ur'si
1134 1612 1285 1697 gnatum
1302 1615 1413 1673 tecum

286 1722 351 1791 huc
375 1731 541 1810 quantum
559 1729 680 1808 potest
708 1719 869 1800 adducis,
905 1719 1049 1810 exigam
1079 1720 1195 1789 hercle
1224 1741 1289 1812 ego
1314 1731 1347 1788 te
1370 1741 1415 1785 ex

287 1833 351 1901 huc
365 1831 536 1911 decuriu;
561 1828 674 1897 ibid.
696 1829 783 1916 234:
806 1829 912 1920 Ergo
927 1852 989 1899 ero
1007 1853 1150 1922 quoque,
1170 1831 1243 1899 nisi
1255 1830 1331 1899 scio
1348 1852 1415 1921 quo

287 1966 379 2036 agas
394 1953 438 2011 te.
459 1942 569 2010 Rud.
602 1965 713 2030 1009:
741 1940 825 2033 Ego
844 1942 915 2010 ium
932 1941 989 2011 hic
1006 1953 1039 2011 te
1056 1940 1181 2012 itidem
1198 1945 1301 2035 quusi
1311 1943 1414 2034 peni-

287 2057 386 2126 culus
413 2078 518 2124 uovos
543 2056 719 2146 exurgeri
742 2054 844 2136 solet,
871 2055 909 2123 ui
930 2056 1018 2124 lruuc
1040 2057 1193 2139 auritus,
1220 2058 1412 2149 exurgebo

287 2167 459 2261 quidquid
475 2168 637 2238 humoris
652 2167 765 2236 tibist.
786 2168 826 2236 M
837 2185 921 2236 ost.
939 2168 1028 2238 386:
1048 2171 1135 2237 Jum'
1147 2169 1261 2238 hercle
1275 2192 1340 2261 ego
1352 2191 1413 2235 uos

284 2304 355 2373 pro
371 2283 507 2367 matula
523 2282 652 2351 habebo
674 2283 747 2350 uisi
769 2283 821 2351 mi
845 2284 1015 2351 mutulam
1035 2282 1143 2352 datis.
1166 2283 1297 2353 Cure.
1326 2286 1412 2371 575:

289 2396 377 2464 Nisi
393 2396 444 2463 mi
457 2395 565 2487 virgo
582 2395 764 2476 redditur,
793 2395 864 2463 ium
889 2417 954 2487 ego
976 2407 1010 2465 te
1024 2396 1182 2489 faciam,
1203 2407 1242 2463 ut
1258 2395 1314 2464 hic
1328 2396 1415 2485 for·

290 2511 401 2578 micae
413 2508 662 2599 frustillatim
686 2506 872 2599 adficiunt.

379 2623 543 2691 Alterum
558 2643 668 2713 genus
685 2623 750 2690 hoc
766 2639 833 2706 est,
853 2640 891 2691 ut
906 2643 1073 2711 praesens
1099 2624 1133 2691 in
1155 2623 1288 2713 protasi
1307 2646 1415 2714 pona·

290 2754 411 2804 turea
435 2735 478 2803 de
503 2757 621 2818 causa,
654 2751 693 2801 ut
727 2735 847 2802 minus
873 2735 909 2804 in
935 2736 1071 2804 ratione
1097 2738 1285 2828 temporali
1310 2759 1414 2826 quam

292 2851 328 2919 in
353 2849 560 2918 condicione
586 2849 661 2940 ipsa
685 2850 852 2938 ponderis
877 2850 986 2919 situm
1012 2852 1076 2936 sit3
1109 2853 1205 2942 quod
1235 2853 1416 2943 quomodo

292 2964 336 3032 sit
360 2963 622 3053 explicandum,
639 2962 722 3031 inde
739 2981 896 3053 apparet,
915 2965 1012 3054 quod
1039 2966 1075 3033 in
1101 2967 1276 3054 praesenti
1303 2967 1417 3034 minus

293 3078 465 3147 rationem
481 3079 714 3166 temporalem
739 3078 875 3147 elucere
893 3078 1063 3161 vidimus.
1084 3080 1146 3148 sed
1165 3081 1298 3149 nudam
1317 3080 1417 3170 quasi

293 3191 468 3260 actionem
492 3191 679 3279 temporali
711 3191 858 3260 notione
891 3193 1100 3266 exsolutam.
1146 3197 1240 3263 Bene
1276 3216 1418 3282 compa-

294 3304 363 3374 rari
397 3320 511 3393 potest
539 3325 662 3394 graeca
696 3304 753 3372 illa
791 3305 923 3373 locutio
954 3305 1003 3396 ἐφ’
1025 3302 1084 3391 ᾧτε
1111 3328 1216 3396 ‚quae
1242 3306 1361 3374 minus
1385 3306 1417 3372 id

294 3416 468 3508 exprimat
493 3418 637 3509 quando
668 3439 723 3485 res
751 3418 823 3502 fiat,
860 3419 921 3487 sed
953 3418 1054 3486 cuius
1085 3418 1240 3486 maxima
1273 3419 1325 3486 vis
1358 3440 1419 3507 po·

295 3532 361 3600 sita
385 3531 429 3602 sit
457 3531 494 3600 in
527 3531 733 3622 condicione
764 3532 852 3623 ipsa.
895 3533 1065 3622 Exempla
1103 3550 1222 3601 autem
1256 3532 1420 3599 Plautina

297 3648 383 3716 haec
398 3665 500 3715 sunt:
523 3647 682 3716 Bacch.
706 3671 793 3716 1002
809 3674 816 3714 ε
841 3648 968 3716 Verum
983 3648 1017 3715 si
1032 3647 1098 3716 das
1114 3669 1287 3728 maxrcme,
1307 3670 1347 3715 ne
1363 3646 1420 3714 ille

296 3758 408 3826 ulium
421 3758 589 3850 gerulum
606 3769 767 3850 quaerut,
785 3760 820 3828 si
832 3759 959 3849 sapiet,
977 3759 1060 3827 sibi.
1090 3759 1196 3830 Curc.
1223 3759 1308 3849 139:
1339 3758 1421 3825 Tibi

300 3992 302 3996 ’
369 3972 381 4012 1
400 3968 536 4025 Tertium
560 3987 655 4042 genus
675 3989 690 4026 a
716 3969 826 4042 Blasio,
849 3970 902 4044 qui
921 3969 1038 4045 scripsit
1060 3972 1096 4026 de
1122 3972 1283 4028 modorum
1306 3982 1422 4042 tempo-

299 4067 426 4188 rplmque
451 4052 530 4123 apud
558 4050 698 4107 Plautum
725 4051 947 4125 permutatione
976 4053 1175 4125 (Argentorati
1203 4053 1286 4123 1886)
1308 4069 1373 4131 pag.
1391 4050 1422 4106 18

300 4144 421 4187 aarum
435 4147 488 4188 est.
