3109 4584
587 199 832 278 ..13-...

139 368 329 460 sermonis.
358 368 458 456 Idem
477 369 636 449 studium
652 370 891 459 cognoscitur,
909 370 969 439 ubi
982 392 1047 461 pro
1060 369 1267 460 imperfecto

137 483 190 574 de,
207 479 416 572 repetitione
435 481 529 552 dicto
542 482 743 566 admittitur
758 483 965 576 perfectum.
993 482 1064 554 Sed
1083 485 1169 554 haec
1185 501 1272 553 sunt

138 594 342 688 vulgario:
369 612 597 681 unusbtamen
614 598 683 666 huc
701 597 884 687 pertinens
901 597 998 666 locus
1018 619 1104 665 usus
1121 595 1270 665 rarioris

140 709 241 788 testis
255 726 320 778 est.
341 710 461 797 Exstat
476 728 596 783 autem
613 711 745 801 Capt.
766 712 854 780 256:
878 710 1005 781 Etiam
1020 732 1122 801 quoru
1137 710 1273 781 cavisse

142 835 247 914 ratus
269 835 332 907 est,
357 844 460 916 saepe
481 825 512 893 is
534 837 663 908 cautor
685 835 810 917 captus
825 836 886 900 est.
908 826 988 895 Hoc
1003 824 1101 893 enim
1118 825 1194 894 loco
1210 847 1269 895 co·

141 933 325 1028 gnoscitur'
351 961 437 1023 usus
468 939 610 1009 dicendi
635 939 771 1010 aoristo.
791 939 970 1030 gnomico,
996 939 1058 1030 qui
1084 957 1136 1008 est
1159 939 1271 1010 Grae·

142 1073 281 1139 corum,
305 1074 452 1144 prorsus
475 1052 616 1121 similis.
644 1053 751 1122 Falso
775 1052 884 1143 igitur
908 1053 1049 1145 negavit
1070 1055 1272 1145 Draegerus

143 1165 337 1256 perfectum
361 1166 629 1236 consuetudinis
653 1168 748 1257 apud
775 1168 945 1237 Plautum
970 1166 1133 1236 inveniri.

234 1279 439 1373 clarissime
472 1302 556 1349 vero
588 1280 672 1350 haec
696 1280 856 1353 variandi
881 1279 1019 1350 indoles
1042 1298 1122 1350 ante
1146 1280 1271 1349 oculos

143 1395 288 1488 ponitur
312 1394 355 1463 iis
378 1394 464 1464 locis
488 1394 549 1466 ubi
575 1393 729 1485 perfecto
754 1416 868 1464 unum
892 1396 1038 1485 plurave
1066 1395 1271 1488 imperfecta

143 1509 344 1596 succedant.
385 1507 505 1597 Capt.
543 1530 631 1599 272:
671 1510 879 1600 Quanquam
916 1530 984 1579 nou
1015 1510 1162 1580 multum
1184 1511 1272 1602 fin't

143 1622 291 1692 molesta
305 1622 461 1691 seruitus
476 1645 537 1691 nec
557 1622 649 1698 mibi
670 1642 768 1692 secus
792 1634 873 1698 erat
890 1645 1001 1715 quam.
1025 1623 1060 1692 si
1082 1646 1189 1693 essem
1202 1626 1271 1715 fa·

144 1735 305 1806 miliaris
315 1734 429 1825 filius
458 1734 572 1805 lbid.
601 1738 690 1804 502:
716 1736 775 1805 Ita
801 1758 854 1803 me
877 1735 1046 1806 miserum
1070 1735 1273 1806 restitando

145 1849 329 1941 retinendo
366 1849 498 1918 lassum
546 1848 782 1918 reddiderunt
789 1870 803 1932 ,·
837 1849 901 1919 vix
929 1871 974 1919 ex
999 1850 1268 1942 gratulando...

143 1964 345 2033 eminebam.
368 1957 484 2031 Ibid.
501 1962 592 2053 913:
618 1962 738 2031 Metui
751 1984 794 2031 ne
807 1963 861 2031 uel
877 1962 913 2032 iu
931 1986 984 2032 me
990 1964 1136 2055 faceret
1161 1964 1271 2056 impe·

145 2088 219 2146 tum
266 2077 438 2168 nimisque
478 2074 593 2145 hercle
634 2098 699 2168 ego
739 2075 842 2144 ilium
883 2075 974 2145 male
1002 2076 1269 2165 formidabam.

146 2193 253 2262 Pers
292 2213 380 2282 477:
416 2189 486 2259 Sed
523 2201 562 2259 nt
587 2211 653 2282 ego
684 2189 789 2259 hodie
817 2190 887 2281 fui
915 2190 1098 2283 benignus,
1136 2202 1176 2260 ut
1204 2212 1271 2283 ego

146 2306 269 2376 multis
298 2303 460 2374 credidi!
488 2305 562 2373 Nec
589 2302 682 2372 satis
711 2326 732 2372 a
761 2305 945 2396 quicquam
969 2304 1106 2374 bomine
1128 2306 1271 2394 accepi:

146 2419 199 2489 ita
230 2440 380 2510 prosum
412 2417 598 2487 credebam
635 2417 807 2486 omnibus.
857 2416 981 2507 Capt.
1008 2419 1112 2508 916:
1153 2417 1271 2487 Aulas

145 2532 335 2622 calicesque
362 2529 476 2599 omnis
499 2531 692 2622 confregit,
719 2531 792 2600 nisi
821 2553 909 2623 quae
941 2530 1116 2602 modiales
1144 2542 1270 2614 eraut,·

144 2666 260 2714 cocum
285 2644 567 2736 percontabatur
575 2653 762 2734 possentne
779 2645 896 2713 seriae
906 2645 1134 2734 fervescere..
1153 2643 1267 2714 Rud.

147 2764 229 2857 540:
273 2758 358 2828 Tibi
385 2758 605 2828 auscultavi:
647 2767 685 2827 tu
707 2758 947 2849 promittebas
985 2757 1075 2828 mibi
1107 2757 1165 2827 illi
1198 2779 1272 2825 esse

145 2885 323 2967 quaestum
361 2871 555 2942 maximum
594 2872 855 2943 meretricibus.
910 2870 991 2940 Tri
1005 2894 1039 2939 n.
1085 2873 1176 2961 925:
1218 2872 1269 2943 S:

145 2989 249 3058 Satin
279 2988 375 3056 iuter
401 2986 504 3054 labra
532 2995 634 3077 atque
658 2983 777 3054 dentes
801 2984 913 3054 latuit
934 2984 995 3054 uir
1018 2984 1168 3053 minumi
1182 3008 1269 3076 pre·

145 3101 202 3170 ti?
245 3101 321 3170 Cn:
356 3100 412 3169 Ne
446 3099 536 3168 male
570 3099 710 3191 loquere
746 3099 885 3168 absenti
923 3099 1049 3169 amico.
1091 3100 1140 3168 S:
1172 3100 1271 3191 Quid

145 3234 231 3304 ergo
262 3212 326 3281 ille
349 3211 612 3304 ignavissumus
636 3211 686 3280 mi
709 3211 913 3281 latitabat?
942 3213 1069 3282 Truc.
1103 3213 1191 3283 332:
1218 3213 1270 3283 Di

145 3350 195 3396 me
218 3325 407 3417 perduint.
435 3328 470 3395 si
498 3336 531 3396 te
556 3326 740 3396 revocari:
765 3349 833 3396 non
866 3326 935 3396 tibi
962 3326 1132 3396 dicebam.
1167 3328 1263 3397 Aul.

147 3440 234 3530 376:
263 3443 380 3532 Atque
401 3462 441 3509 eo
455 3442 614 3533 fuerunt
644 3442 807 3524 cariora,
838 3463 898 3511 aes
921 3464 988 3510 non
1012 3452 1105 3510 erat.
1140 3443 1265 3511 Poen.

151 3555 255 3646 1391:
293 3555 375 3623 Jam
405 3553 550 3645 pridem
583 3554 740 3647 equidem
781 3557 871 3637 istas
908 3576 981 3625 esse
1014 3553 1105 3624 sciui
1134 3552 1270 3623 liberas

145 3680 177 3738 et
199 3670 454 3760 exspectabam,
481 3669 599 3762 siqui
621 3692 681 3739 eas
703 3681 880 3740 assereret
904 3693 1020 3739 manu.
1046 3670 1148 3739 Aul.
1172 3670 1264 3760 706:

144 3781 256 3850 Prius
293 3804 345 3851 me
373 3781 544 3851 collocavi
575 3791 612 3852 tn
639 3783 805 3854 arborem
835 3782 980 3875 indeque
1009 3782 1265 3872 exspectabam,

146 3897 204 3966 ubt'
249 3918 377 3987 aarum
420 3895 653 3985 abstrudebat
695 3920 811 3979 senex.
865 3898 944 3967 Hos
981 3898 1077 3966 locos
1115 3917 1186 3965 non
1225 3916 1266 3965 ea

215 4151 227 4193 1
247 4148 291 4205 Cf.
307 4149 446 4224 Draeger‚
463 4150 532 4212 hist.
547 4152 632 4225 Synt.
645 4152 703 4209 vol.
721 4154 742 4219 I,
759 4171 789 4226 p.
806 4153 871 4210 253.
