3109 4584
637 245 687 256 -
736 205 870 277 63..-

101 422 104 427 -
177 375 364 466 siquidem
386 375 467 444 libri
491 377 520 444 B
544 375 755 466 scripturam
770 376 964 466 'genuinam
984 375 1194 443 statuimus:
1219 376 1315 464 quod

187 489 278 558 mihi
312 490 415 578 plane
446 489 629 580 probatur.
663 489 983 580 Periplectomenes
1017 489 1113 557 enim
1146 489 1315 558 mandato

180 613 329 694 accepto
354 603 665 694 postquamabiit,
692 604 763 672 iam
787 621 903 694 partes
937 627 1018 670 suas
1052 624 1154 694 agere
1181 604 1311 693 coepit,

178 717 307 785 itaut·
323 717 517 785 Palaestrio
542 716 618 785 iure
641 716 758 784 dicere
783 717 895 806 possit
925 715 1099 806 praesenti
1131 715 1311 784 adhibito:

176 837 287 924 jetan
311 855 364 902 wo
388 833 474 901 auch
496 831 615 901 dieser
634 833 737 924 ittig
759 832 818 900 ist.
847 831 968 921 Quare
984 853 1065 899 cum
1079 853 1134 898 res
1149 852 1221 897 non
1236 853 1315 919 per·

187 945 296 1013 tineat
327 946 370 1013 ad
385 947 394 973 ³
407 943 581 1028 futurum,
616 946 677 1013 sed
711 945 755 1012 ad
790 957 974 1034 praesens,-
1006 944 1222 1034 intellegitur
1253 966 1317 1012 cur

188 1062 317 1128 modus
340 1060 515 1129 enuntiati
540 1059 746 1150 temporalis
771 1082 843 1128 non
877 1059 1118 1129 conformetur
1150 1059 1192 1127 ad
1228 1075 1312 1127 con-

189 1174 389 1242 iunctivum
412 1173 618 1252 ,defendam
660 1173 786 1263 Itaque
811 1196 881 1242 non
907 1174 1015 1241 modo
1039 1173 1128 1241 falso
1154 1172 1315 1240 Ritsche-

189 1287 256 1354 lius
280 1287 420 1378 scripsit
445 1292 566 1376 ,ages‘,
592 1287 688 1375 quod
715 1303 889 1377 repugnat
911 1287 966 1354 vel
994 1286 1118 1377 Langii
1145 1285 1225 1376 legi,
1251 1287 1313 1354 sed

188 1398 293 1467 etiam
311 1398 437 1489 Langii
462 1397 574 1489 ipsius
598 1398 802 1467 coniectura
827 1405 936 1490 ‚agas‘
963 1397 1169 1467 reicienda.¹
1197 1403 1314 1488 Atque

188 1528 227 1580 ut
240 1513 273 1580 in
291 1512 346 1581 his
361 1513 530 1603 exemplis
546 1513 757 1581 indicativus
775 1530 826 1582 est
842 1513 1032 1604 legitimus,
1048 1514 1097 1582 sic
1111 1514 1314 1582 retinendus

188 1628 436 1695 coniunctivus
461 1640 536 1697 erat
558 1627 706 1698 Goetzio
730 1645 763 1697 et
788 1629 933 1697 Loewio
960 1630 1094 1697 Poen.
1123 1631 1209 1699 552:
1234 1629 1315 1698 Hoc

87 1836 89 1840 k
189 1754 222 1811 te
245 1745 363 1812 satius
379 1753 432 1811 est
457 1743 593 1825 docere,
626 1753 676 1825 ut,
693 1745 834 1835 quando
850 1766 952 1834 agas,
970 1743 1057 1835 quid
1073 1766 1163 1835 agas
1184 1745 1310 1813 sciant.

280 1860 405 1947 Neque
430 1857 635 1947 quidquam
652 1858 858 1927 offensionis
884 1859 988 1927 habet
1011 1859 1040 1927 is
1071 1859 1315 1927 coniunctivus

191 1973 253 2062 qui
279 1972 406 2063 legitur
443 1973 570 2040 Trin.
597 1974 690 2063 496:
722 1973 808 2042 Ubit
837 1985 1000 2042 mortuus
1028 1974 1091 2056 sir,
1119 1973 1171 2042 ita
1200 1975 1252 2042 sis
1276 1985 1315 2042 ut

189 2109 310 2155 nomen
342 2087 432 2155 cluet
456 2088 514 2174 (ci.
542 2109 618 2179 pag.
651 2091 718 2178 59).
746 2090 842 2157 Nam
866 2088 930 2157 etsi
961 2090 1028 2157 hoc
1062 2089 1264 2178 exemplum
1296 2114 1315 2157 a

192 2207 317 2298 Langii
344 2207 419 2298 lege
443 2225 646 2296 exemptum
677 2224 729 2275 est
761 2247 806 2256 -
830 2208 1007 2297 praecedit
1031 2207 1126 2275 enim
1151 2206 1313 2275 enuntia-

189 2339 267 2388 tum
291 2321 484 2411 temporale
508 2322 539 2389 ei
565 2322 661 2412 quod
695 2322 800 2390 habet
833 2323 1102 2391 coniunctivum
1125 2338 1311 2391 -tamen

188 2457 229 2501 ex
253 2456 294 2502 eo
319 2433 537 2503 coniunctivi
570 2459 675 2504 causa
707 2437 896 2526 repetenda
935 2455 999 2521 est,
1036 2434 1136 2526 quod
1162 2453 1215 2505 est
1246 2461 1312 2528 pro
1354 2511 1357 2516 .

190 2549 381 2617 indicativo
406 2550 514 2617 futuri
539 2551 736 2620 admissus.>

280 2667 397 2736 Etiam
423 2668 460 2735 in
485 2660 675 2736 enuntiatis
694 2670 848 2738 relativis
865 2670 1114 2738 coniunctivus
1132 2670 1314 2738 interdum

189 2782 288 2849 nullo
312 2782 381 2850 alio
406 2805 552 2852 munere
582 2783 681 2873 fungi
710 2776 852 2852 videtur
883 2808 990 2875 quam
1024 2803 1061 2854 ut
1093 2786 1227 2876 aliquid
1258 2809 1315 2855 ca·

188 2896 268 2964 dere
293 2896 327 2963 in
358 2913 498 2986 tempus
537 2896 695 2965 futurum
733 2899 875 2968 indicet.
903 2898 1027 2989 Quam
1062 2902 1208 2991 quidem
1233 2925 1315 2992 pro-

188 3011 281 3078 xime
305 3013 396 3078 inter
420 3034 456 3079 se
487 3012 618 3081 distent
650 3014 896 3082 coniunctivus
930 3035 963 3083 et
990 3014 1166 3101 futurum,
1198 3018 1317 3085 mani-

187 3124 316 3193 festum
356 3144 407 3194 est
442 3129 652 3216 comparatis
691 3129 781 3198 inter
819 3153 855 3198 se
898 3131 952 3198 his
990 3132 1096 3200 locis:
1136 3137 1203 3202 As.
1244 3155 1313 3224 29:

187 3238 256 3306 Dic
285 3238 427 3306 obsecro
459 3239 573 3309 hercle
610 3243 720 3324 seria,
757 3245 851 3334 quod
890 3254 923 3312 te
962 3267 1096 3335 rogem,
1129 3262 1162 3314 et
1194 3248 1261 3314 Me
1278 3269 1312 3314 n.

194 3355 307 3420 1105:
358 3352 523 3444 Uterque
563 3355 603 3424 id
653 3356 745 3446 quod
805 3358 941 3448 rogabo
994 3358 1114 3428 dicite.
1169 3360 1316 3431 Utrobi-

188 3489 256 3555 que
321 3467 522 3535 continetur
584 3470 765 3538 enuntiato
826 3471 974 3539 relativo
1034 3473 1128 3562 quod
1189 3473 1317 3563 aliquis

188 3579 343 3647 facturus
389 3581 434 3647 sit
469 3580 526 3668 (ci.
558 3568 646 3672 pag.
684 3584 755 3670 60).
807 3583 848 3651 In
887 3585 1014 3674 primis
1056 3609 1140 3655 vero
1178 3609 1316 3656 memo-

189 3694 340 3761 randum
372 3710 425 3760 est
464 3696 644 3763 enuntiata
681 3696 825 3764 relativa
865 3721 906 3765 ea
941 3721 1031 3788 quae
1073 3723 1143 3768 non
1184 3719 1314 3769 certam

188 3808 344 3897 aliquam
374 3829 461 3890 rem,
494 3808 555 3875 sed
582 3809 813 3878 'indefinitam
853 3812 908 3880 vel
938 3812 1182 3902 repetitionem
1219 3815 1313 3882 desi-

188 3940 310 4013 guent,
341 3941 462 3991 contra
494 3946 599 3991 usum
629 3924 857 3994 classicorum
890 3927 1104 4017 scriptorum
1135 3929 1315 3998 interdum

191 4080 405 4091 --

259 4177 270 4214 1
292 4174 351 4230 Sed
366 4172 433 4229 vide
447 4173 521 4247 quid
536 4175 698 4248 Langenus
712 4176 748 4231 de
763 4189 826 4232 tota
846 4175 901 4234 hac
922 4195 1012 4234 scena
1028 4177 1201 4237 iudicaverit
1214 4180 1316 4249 (Plau-

194 4257 321 4318 tinische
335 4257 471 4323 Studien)
488 4276 517 4331 p.
535 4258 586 4315 321
605 4277 649 4332 sq.
