3109 4584
719 183 966 261 442..

278 356 340 424 311
364 382 373 424 ε
397 347 513 425 Datin
543 356 609 426 isti
637 347 761 427 sellam
792 358 852 426 ubi
883 357 1025 427 assidat
1057 358 1130 427 cito
1160 369 1195 426 et
1221 354 1402 449 aequalem

276 491 353 538 cnm
381 468 501 560 aqua?
525 454 741 561 proponatin
773 467 904 540 ocius?
926 475 995 541 As.
1023 474 1119 561 755:
1156 470 1307 541 Addone
1334 471 1374 541 id
1382 471 1403 540 f>

276 585 376 655 Aul.
407 585 502 653 bbo:
528 582 649 677 anin
673 585 717 653 ab
741 580 887 654 oculis?
921 583 1047 655 Cure.
1074 585 1165 676 674:
1191 582 1402 674 Spondesne,

276 698 388 780 miles,
415 699 505 768 mini
535 699 624 768 hanc
653 698 834 768 taxonem?
865 701 998 769 Truc.
1025 700 1121 769 631:
1148 699 1262 768 Datin
1287 698 1405 771 soleas
1446 771 1450 777 ,

275 824 378 904 atque
394 835 447 882 me
462 812 561 881 intro
578 824 737 883 actutum
750 811 885 883 ducitis
896 814 935 885 ‚9¹
955 815 1087 884 Most.
1102 836 1192 906 774:
1211 812 1278 883 Fr.
1294 813 1406 883 Ean?

276 948 359 995 voco
383 927 449 1003 nne
472 922 676 996 hominem?
699 929 736 997 S.
773 928 874 997 Voca.
903 929 1017 998 Ibid.
1054 930 1141 1020 734:
1172 929 1256 998 Non
1280 925 1406 999 taces?

277 1048 346 1111 As.
366 1041 455 1132 9313
482 1042 590 1111 Curc.
620 1064 701 1133 712.
731 1044 861 1113 Most.
889 1044 981 1113 602:
1012 1043 1107 1113 Cedo
1121 1044 1270 1136 faenus,
1297 1043 1407 1114 redde

277 1156 415 1238 faenus,
430 1156 566 1247 faenus
587 1156 742 1226 reddite.
782 1156 944 1226 Datnrin
972 1157 1059 1226 estis
1077 1156 1214 1248 faenus
1244 1168 1409 1225 actutum

278 1266 394 1339 milti?
416 1271 498 1340 Hoc
520 1269 673 1340 daturne
686 1267 854 1362 faenus?
880 1270 971 1339 Vide
998 1293 1069 1360 qua
1096 1271 1232 1339 ratione
1256 1270 1407 1339 Plautus

277 1383 351 1451 vim
367 1385 535 1454 orationis
551 1385 682 1454 sensim
704 1385 853 1470 auxerit,
879 1385 1100 1475 temporibus
1117 1387 1182 1456 hoc
1204 1385 1312 1452 modo
1340 1384 1403 1451 ad-

278 1497 413 1582 bibitis,
433 1514 471 1567 ut
494 1498 608 1588 magis
633 1498 815 1589 magisque
840 1499 969 1568 instare
995 1498 1172 1568 danistam
1197 1498 1405 1567 sentiamus.

281 1610 404 1699 Epid.
440 1615 519 1701 157:
549 1609 646 1702 Quid
662 1612 719 1680 hic
743 1633 833 1681 ttnnc
855 1608 1037 1706 agitans?
1054 1613 1167 1682 Men.
1195 1615 1287 1702 549:
1307 1610 1405 1701 Quid

280 1718 456 1814 agimus?
479 1723 610 1792 Most.
640 1724 733 1815 398:
764 1724 861 1815 Quid
883 1724 984 1816 ago?
1008 1725 1049 1793 In
1074 1724 1257 1793 codicibus
1282 1746 1403 1821 exara-

279 1853 356 1903 tum
381 1854 432 1904 est
463 1837 562 1925 ,quid
593 1842 723 1928 agam‘3
754 1839 815 1906 sed
849 1856 939 1906 recte
969 1826 1023 1906 vel
1059 1837 1141 1906 inde
1170 1861 1198 1906 a
1227 1836 1406 1906 Lambino

281 1948 432 2017 editores
466 1948 682 2038 scripserunt
716 1950 818 2041 ,quid
859 1953 966 2040 ago‘?
1000 1951 1127 2039 Neque
1156 1949 1266 2035 enim,
1291 1950 1320 2017 si
1351 1949 1405 2017 di-

280 2063 386 2130 xisset
409 2062 634 2132 Philolaches
659 2065 756 2155 ,quid
797 2072 928 2154 agam‘,
970 2064 1056 2133 illud
1093 2064 1268 2146 ,accu'bas‘
1307 2063 1406 2153 quod

218 2197 222 2205 ·
280 2178 471 2267 respondet
503 2178 637 2247 Tranio
679 2176 844 2270 explicari
885 2197 1013 2269 posset.
1052 2179 1175 2273 ltaque
1206 2200 1261 2246 res
1290 2177 1339 2245 sic
1370 2197 1407 2244 se

280 2291 398 2375 habet,
424 2308 462 2359 ut
481 2291 705 2362 Philolaches
729 2293 847 2362 verbis
867 2293 967 2384 ‚quid
990 2300 1067 2385 ago‘
1093 2290 1404 2383 interrogationem

280 2403 547 2473 deliberativam
577 2407 622 2474 ad
651 2407 813 2475 futurum
844 2407 1079 2497 pertinentem
1105 2406 1260 2497 intellegi
1294 2405 1403 2489 velit3

280 2535 315 2584 at
334 2518 481 2604 Trani0‚
498 2520 558 2609 qui
575 2517 731 2591 ludibrio
749 2523 854 2593 habet
874 2521 1133 2606 Philolachem,
1152 2520 1201 2588 sic
1217 2519 1407 2609 re'Spondet

280 2631 381 2722 quasi
421 2634 520 2722 ‚quid
567 2640 646 2726 ago‘
690 2637 872 2726 vulgarem
919 2636 1173 2726 propriamque
1211 2631 1407 2725 praesentis

281 2746 463 2814 notionem
494 2743 668 2817 exhibeat.

372 2859 441 2927 Hic
478 2882 564 2928 usus
602 2862 796 2952 praesentis
836 2883 903 2954 pro
938 2861 1058 2931 futuro
1104 2862 1147 2930 ad
1193 2858 1408 2928 celeritatem

258 2970 549 3064 'significandam
580 2976 761 3044 substituti
802 2976 950 3045 omnino
986 2977 1081 3066 apud
1119 2982 1179 3047 eos
1219 2976 1406 3064 scriptores

279 3086 431 3155 occurrit
460 3089 521 3177 qui
555 3100 718 3159 sermone
752 3090 931 3159 cotidiano
962 3107 1123 3172 utuntur,
1157 3090 1220 3159 etsi
1256 3087 1407 3157 nonita

279 3200 402 3268 crebro
418 3200 484 3270 hoc
499 3202 537 3270 fit
551 3204 645 3293 apud
672 3201 751 3271 illos
776 3222 816 3271 ut
839 3204 933 3294 apud
951 3203 1132 3271 Plautum.
1158 3204 1295 3274 Andr.
1317 3202 1409 3293 337:

278 3313 399 3406 anin
422 3338 469 3383 an
493 3312 593 3385 non?
617 3318 735 3386 Ibid.
761 3341 855 3410 491:-
873 3318 1066 3388 Credone?
1089 3318 1284 3409 Adelph.
1313 3320 1381 3387 550
1396 3324 1410 3382 ι’

278 3429 406 3498 Etiam
431 3429 556 3498 taces?
575 3431 664 3501 Cic.
696 3433 761 3501 ad.
792 3441 880 3504 Att.
913 3435 1020 3519 Xlll,
1051 3434 1115 3502 30:
1151 3432 1332 3503 Advolone
1360 3452 1407 3499 an

278 3541 429 3612 maneo?
447 3543 542 3613 Cat.
562 3545 592 3629 Ι,
617 3569 626 3613 1
646 3572 653 3613 :
678 3547 773 3637 Quoi
791 3545 883 3615 dono
898 3543 1054 3637 lepidum
1072 3569 1194 3616 novom
1215 3538 1406 3616 libellum?

369 3654 429 3723 Ex*
444 3654 611 3723 omnibus
635 3657 691 3726 his
715 3658 884 3749 exemplis
902 3658 1080 3748 colligitur
1104 3658 1239 3748 aliquid
1265 3654 1403 3746 imperii

277 3769 332 3836 vel
357 3768 537 3837 minarum
561 3770 687 3855 inesse,
714 3772 743 3840 si
768 3773 914 3862 quidem
928 3773 1036 3841 altera
1052 3772 1204 3841 occurrit
1228 3789 1400 3861 persona3

278 3900 313 3950 at
344 3883 372 3951 si
403 3883 520 3972 prima
552 3885 749 3972 exhibetur,
782 3910 949 3979 praesens
980 3905 1032 3956 est
1060 3886 1304 3956 ‘substitutum
1340 3886 1404 3973 pro

348 4138 359 4178 1
380 4136 424 4194 Cf.
440 4135 578 4208 Seyfferti
593 4137 680 4194 Stud.
695 4134 788 4210 plaut.
805 4155 831 4210 p.
848 4137 893 4192 31.
